2215 3404
0 775 56 800 inustio
67 780 94 797 in-

0 801 49 842 {deua-

0 852 1 860 i

0 912 53 950 iipieg
66 922 92 941 ei-

0 948 72 967 ltiuntio.

10 1810 20 1828 d
37 1816 91 1838 qnae-

8 1839 44 1853 nem
65 1841 91 1853 lll-

7 1859 68 1876 eutem.

806 139 889 167 DIST.
912 139 1024 167 XXXVI.
1046 139 1152 168 DUBIA.

110 214 206 251 ipsam
237 216 287 242 etc.
316 214 432 242 Videtur
460 214 533 243 enim
566 215 639 243 male
664 215 772 250 dicere,
798 215 864 252 quia
885 224 948 244 cum

108 260 174 288 talia
194 268 249 288 non
270 260 325 289 sint
339 260 390 289 nisi
407 262 575 297 praesentia,
598 269 664 298 ergo
686 261 713 289 in
735 261 792 290 Deo
813 270 866 289 non
886 264 951 290 sunt

108 306 160 335 nisi
182 314 215 334 ea
235 314 307 343 quae
328 310 490 343 praesenter
511 308 652 342 existunt3
673 308 748 345 quod
770 311 811 336 est
839 308 951 336 manife-

109 355 150 381 ste
169 352 271 381 falsum
300 356 327 381 et
348 356 444 381 contra
472 354 687 391 Augustinum¹,
709 354 755 391 qui
779 354 853 388 dicit,
875 354 949 391 quod

109 407 153 428 res
173 402 238 427 sunt
269 399 295 427 in
328 399 385 428 Deo
406 400 441 428 ab
473 403 594 429 aeterno.
623 400 656 429 Si
680 401 779 434 dicas,
806 401 881 437 quod
909 409 951 429 ac-

108 446 174 483 cipit
194 454 252 474 esse
274 445 303 474 iu
327 446 383 474 Deo
406 449 435 474 ut
456 447 483 474 in
506 450 702 481 conservante,
718 447 783 483 quia
797 447 836 475 sic
851 447 950 484 accipit

107 492 253 529 Apostolus
274 493 300 520 in
323 493 447 529 praefata
469 493 671 522 auctoritate2:
705 494 749 521 Eae
771 493 833 530 ipso
854 497 880 521 et
896 502 950 530 per

108 539 204 576 ipsam
226 542 250 567 et
271 539 300 567 iu
322 539 385 576 ipso
392 550 403 573 ;
424 543 490 568 tunc
511 540 581 568 nihil
602 540 666 569 facit
697 541 732 569 ad
758 537 948 577 prepositum,

107 585 172 622 quia
193 585 321 622 Magister
342 585 441 622 accipit
461 594 520 613 esse
552 585 599 619 iu,
631 586 785 614 secundum
808 586 882 623 quod
912 586 950 614 di-

107 635 209 660 cuntur
230 639 275 660 res
296 639 356 661 esse
378 632 405 660 in
427 632 483 660 Deo
498 633 683 661 aeternaliter.
699 650 737 653 -
752 633 786 661 Si
807 637 837 661 ta
856 633 949 666 dicax,

106 679 180 716 quod
202 686 247 707 res
268 679 424 707 actualiter
446 682 511 708 sunt
531 687 567 708 ex
589 680 645 708 Deo
667 679 711 708 vel
732 688 783 717 per
803 680 893 708 Deum
912 688 948 708 ex

106 729 248 763 tempore,
271 726 317 755 sed
348 725 558 754 habitaclum-³
587 726 622 754 ab
650 729 775 760 aeterum
803 729 949 763 tuncego

106 781 225 811 quaem,
247 780 334 809 quare
355 772 511 801 actualiter
533 775 598 801 sunt
619 773 650 800 iu
671 772 727 801 Deo
753 773 789 801 ab
819 777 948 807 aeterno,

106 821 133 848 et
153 827 207 847 non
229 827 264 847 ex
284 818 341 847 Deo
362 818 405 847 vel
424 827 478 855 per
498 819 607 847 Deum?

183 865 359 894 Rsssrounao:
381 865 553 900 Dicendum,
574 866 649 902 quod
671 874 730 894 esse
751 866 805 894 em*
830 866 885 894 Deo
904 866 946 895 vel

104 921 155 950 per
176 912 268 940 Deam
290 915 380 949 potest
400 912 485 949 accipi
509 913 551 941 vel
572 913 726 942 secundum
743 913 947 950 aptitudinem,

104 959 148 988 vel
170 959 325 988 secundum
358 963 474 993 actum,
507 959 551 988 vel
580 960 734 988 secundum
759 959 899 988 habitam.
921 960 946 988 Si

104 1005 258 1034 secundum
294 1009 391 1033 aetum
407 1017 417 1039 ;
452 1006 491 1034 sic
528 1007 671 1043 praedicta
708 1006 859 1035 auctoritas
894 1015 947 1035 non

103 1055 145 1081 est
176 1052 354 1089 intelligenda
384 1053 528 1089 praecise,
559 1053 634 1090 quod
669 1053 717 1081 illa
748 1054 806 1082 sola
838 1053 892 1082 sint
920 1054 946 1081 in

103 1098 174 1133 Deo,
196 1106 268 1135 quae
289 1102 354 1127 sunt
375 1108 409 1127 ex
430 1099 486 1128 Deo
512 1099 555 1128 vel
574 1108 628 1136 per
649 1099 748 1133 Deum,
774 1100 839 1137 quia
860 1100 949 1128 multa

104 1145 178 1174 Deus
200 1145 352 1182 cognoscit,
374 1153 445 1182 quae
468 1148 533 1174 sunt
554 1146 585 1174 iit
605 1146 677 1180 Deo,
700 1154 771 1183 quae
786 1149 878 1175 tamen
894 1155 947 1175 non

104 1195 169 1221 sunt
189 1200 224 1220 ex
245 1192 305 1230 ipso
326 1200 376 1221 nec
394 1201 449 1229 per
470 1192 575 1229 ipsum,
597 1201 647 1221 nec
668 1196 759 1221 erunt.
787 1193 877 1222 Potest
903 1193 948 1222 ite-

103 1246 167 1267 rum
189 1238 274 1275 accipi
304 1239 460 1267 secundum
493 1238 643 1272 habitam,-
672 1243 698 1267 et
720 1239 758 1268 sic
779 1239 872 1268 adhuc
893 1248 946 1268 non

103 1288 144 1314 est
172 1285 352 1321 intelligenda
384 1286 524 1322 praecise,
553 1286 617 1322 quia
640 1286 728 1314 multa
750 1286 823 1315 Deus
852 1294 948 1323 cogno-

103 1331 153 1360 scit
183 1334 210 1359 et
238 1334 328 1367 potest
356 1332 462 1365 facere,
495 1340 566 1368 quae
588 1340 642 1360 nou
675 1331 771 1365 faciet;
796 1335 823 1360 et
854 1335 947 1361 tamen

103 1381 167 1406 sunt
189 1377 220 1406 m
241 1378 313 1414 ipSO,
335 1385 385 1406 nec
408 1386 531 1415 unquam
563 1381 646 1406 erunt
674 1387 708 1406 ex.
734 1379 794 1415 ipso
825 1386 875 1407 nec
893 1387 947 1415 per

103 1425 203 1462 ipsum.
237 1425 326 1453 Potest
352 1425 453 1453 iterum
486 1425 600 1461 intelligi
630 1425 784 1453 secundum
810 1425 948 1462 aptitudi-

103 1480 184 1505 nem;
205 1475 231 1500 et
253 1474 319 1499 tunc
340 1472 465 1508 praecise
491 1471 575 1500 habet
607 1471 768 1504 veritatem,
791 1472 857 1508 quia
878 1472 946 1500 nihil

103 1521 144 1547 est
172 1518 201 1546 iu
228 1518 300 1551 Deo,
332 1518 385 1546 nisi
417 1518 452 1546 sit
483 1521 580 1555 aptum
612 1526 672 1547 esse
704 1527 738 1546 ec
769 1518 825 1547 Deo
847 1522 874 1547 et
892 1527 946 1555 per

104 1565 212 1602 ipsum;
234 1568 260 1593 et
283 1565 321 1593 sic
343 1565 416 1593 valet
438 1565 472 1593 ad
495 1565 682 1601 propositum,
704 1568 731 1593 et
759 1566 797 1594 sic
818 1565 947 1602 intelligit

102 1611 229 1648 Magister
241 1622 248 1645 3
270 1614 297 1639 et
316 1619 367 1648 per
389 1611 440 1640 hoc
461 1611 653 1640 excluduntur
676 1612 763 1646 mala,
785 1612 851 1649 quia
872 1612 946 1641 Deus

102 1666 156 1686 non
178 1661 267 1694 pote-st
288 1658 379 1686 facere
411 1658 493 1693 mala,
519 1666 569 1687 nec
598 1658 671 1686 mala
692 1661 809 1695 possunt
830 1666 890 1687 esse
912 1668 946 1687 ea·

102 1705 161 1741 ipso
183 1712 233 1733 nec
250 1713 304 1741 per
325 1705 427 1742 ipsum.

180 1751 259 1787 Quod
281 1751 442 1788 quaeritur,
465 1759 552 1788 quare
573 1760 628 1779 non
650 1752 782 1780 dicuntur
801 1759 846 1781 res
860 1755 947 1780 aeter-

103 1797 201 1826 naliter
222 1805 283 1826 esse
304 1806 338 1825 ex
360 1798 416 1826 Deo
444 1800 511 1832 etc.;
543 1798 710 1832 dicendum,
732 1798 807 1835 quod
828 1806 882 1826 non
904 1802 946 1827 est

105 1844 209 1875 simile,
231 1844 296 1881 quia
317 1845 387 1873 aliae
408 1845 628 1881 praepositiones
649 1844 805 1881 significant
825 1852 875 1881 per
891 1853 946 1873 mo-

103 1891 169 1920 dum
190 1891 258 1928 fieri
277 1894 304 1920 et
324 1894 421 1919 ‘motas
443 1894 470 1920 et
491 1895 589 1924 aetus,
613 1892 661 1920 sed
682 1892 751 1920 haec
778 1893 946 1929 praepositio

102 1938 132 1966 in
154 1946 204 1975 per
225 1939 340 1967 modum
363 1938 466 1976 quietis
479 1938 497 1966 ὅ.
520 1939 551 1967 Et
571 1939 703 1975 quoniam
719 1939 793 1967 Deus
814 1948 868 1967 non
883 1939 946 1968 fecit

103 1985 154 2014 nisi
176 1993 212 2014 ex
234 1988 369 2022 tempore,
391 1993 441 2014 nec
472 1985 524 2013 fuit
544 1993 628 2014 causa
650 1985 807 2013 actualiter
828 1993 946 2014 causans

102 2032 153 2060 nisi
175 2040 211 2060 ex
233 2034 374 2069 tempore,
390 2032 453 2060 licet
473 2031 662 2060 babitaalitcr
684 2031 718 2059 ab
737 2034 862 2066 aeterno,
884 2032 946 2060 ideo
974 2028 976 2035 '

103 2080 190 2116 magis
202 2079 335 2107 dicuntur
350 2086 394 2107 res
405 2078 583 2107 aeternaliter
598 2078 629 2106 iii
645 2079 702 2107 Deo
720 2087 802 2116 quam
816 2087 850 2106 em
861 2079 917 2107 Deo
927 2079 945 2106 ὓ.

459 2149 526 2177 Duss.
548 2149 589 2177 lll.

180 2219 246 2247 Item
279 2218 423 2255 quaeritur
457 2219 491 2247 de
522 2218 574 2246 ista
606 2218 712 2247 ratione
733 2218 870 2255 Magistri,
892 2227 947 2255 qua

104 2265 183 2299 dicit,
205 2265 280 2302 quod
301 2265 383 2293 mala
397 2274 455 2293 iton
468 2269 537 2293 sant
559 2265 589 2293 in
611 2266 679 2299 Deo,
695 2265 766 2303 qaia
789 2265 864 2293 Deus
889 2274 947 2294 iton

1795 143 1846 173 631

1008 217 1154 253 coyitoscit
1189 226 1222 245 ca
1254 226 1309 254 per
1338 219 1587 255 approbationem.
1627 221 1743 249 Videtur
1776 221 1848 250 enim

1008 262 1080 291 male
1102 263 1207 297 dicere,
1229 264 1295 300 quia
1326 265 1499 301 approbatio
1532 267 1644 303 respicit
1665 268 1849 302 volunlatem3

1008 309 1057 337 sed
1079 318 1138 337 esse
1159 310 1189 337 in
1211 311 1268 338 Deo
1283 311 1396 347 respicit
1410 312 1445 340 ab
1460 316 1573 341 aeterno
1594 314 1849 351 exemplaritatem:

1008 362 1074 391 ergo
1106 356 1201 384 notitia
1232 357 1441 394 approbationis
1472 359 1540 387 nihil
1572 359 1607 388 ad
1639 360 1690 389 hoc
1718 360 1790 389 facit.
1813 378 1849 380 —

1008 401 1090 435 Item,
1113 402 1240 438 Magister
1262 404 1374 432 videtur
1394 404 1564 434 insufficiens
1580 406 1605 433 in
1628 406 1762 435 divisione
1784 407 1851 435 divi-

1008 455 1059 476 nae
1081 449 1258 484 cognitionis,
1273 450 1340 487 quia
1361 451 1433 479 sicut
1448 451 1519 479 bona
1534 456 1740 488 cognoscuntur
1754 454 1849 481 notitia

1008 494 1247 531 approbationis,
1280 497 1317 524 ita
1345 497 1418 525 mala
1450 498 1545 526 notitia
1567 499 1790 535 reprobationis.
1812 517 1850 520 —

1007 541 1090 575 Item,
1112 542 1285 578 approbatio
1306 546 1355 571 aut
1380 544 1464 571 addit
1490 544 1595 581 aliquid
1619 553 1704 582 supra
1725 546 1849 574 notitiam

1008 587 1186 624 simpliciter,
1209 592 1257 616 aut
1278 597 1354 622 uon,-
1377 589 1397 617 si
1420 598 1495 618 ozon:
1511 598 1577 627 ergo
1593 599 1646 619 non
1667 596 1708 620 est
1721 592 1729 605 ⁷
1751 592 1779 620 in
1795 592 1850 621 Deo

1008 634 1179 671 distinguere
1217 635 1369 669 notitiam,
1401 639 1428 665 et
1452 637 1586 665 notitiam
1620 638 1849 674 approbationis.

1007 680 1090 716 ltem,
1112 681 1133 709 si
1156 681 1225 709 nihil
1255 682 1347 717 addit,
1375 690 1441 719 ergo
1467 683 1539 712 sicut
1567 687 1632 712 sunt
1652 684 1679 712 11]
1701 684 1758 712 Deo
1779 692 1850 721 quae

1007 727 1148 763 cognoscit
1169 728 1377 764 approbando,
1400 729 1437 757 ita
1458 730 1540 758 etiam
1576 730 1642 758 111118
1663 738 1734 767 quae
1755 739 1851 768 cogno-

1007 774 1059 802 scit
1078 774 1259 811 simpliciter.
1276 775 1301 803 Si
1324 775 1429 812 aliquid
1445 776 1544 804 addit:
1560 784 1626 813 ergo
1640 777 1760 811 videtur,
1776 778 1848 814 quod

1007 820 1102 848 divina
1124 821 1220 849 notitia
1252 821 1287 850 sit
1318 823 1479 859 composita.
1502 822 1535 851 Si
1556 823 1656 857 dicas,
1678 824 1752 860 quod
1774 824 1851 852 addit

1008 866 1163 894 secundnm
1187 867 1358 896 intellectum
1373 885 1413 888 -—
1428 869 1476 897 sed
1497 869 1655 897 intellectus
1683 873 1777 898 noster
1797 877 1850 897 non

1006 912 1070 940 facit
1092 920 1137 941 res
1158 920 1219 941 esse
1240 913 1267 941 in
1289 913 1357 942 Deo:
1378 922 1444 951 ergo
1459 922 1509 943 nec
1524 915 1621 943 notitia
1635 915 1849 952 approbationis.

1087 960 1260 989 RespoNnsso:
1284 961 1447 995 Dicendum,
1469 962 1543 998 quod
1570 962 1744 999 approbatio
1765 969 1848 998 supra

1007 1007 1189 1043 cognitionem
1213 1008 1368 1036 secundum
1396 1008 1565 1037 intellectum
1598 1009 1676 1037 addit
1698 1009 1851 1046 beneplaci-

1008 1057 1068 1081 tam
1087 1054 1263 1087 'uoluntati-9,-
1285 1055 1337 1083 hoc
1368 1058 1462 1083 autem
1495 1055 1700 1092 beneplacitum
1723 1058 1849 1084 connotat

1007 1100 1157 1129 bonitatem
1180 1101 1207 1129 in
1229 1102 1294 1136 eo⁹,
1315 1104 1445 1138 respectu
1460 1102 1540 1130 cuius
1555 1106 1611 1136 est3
1634 1103 1699 1139 quia
1721 1103 1777 1131 Deo
1796 1110 1849 1130 non

1007 1147 1098 1184 placet
1129 1148 1180 1176 nisi
1213 1148 1334 1183 bonum,
1367 1151 1393 1177 et
1425 1156 1506 1177 omne
1537 1149 1642 1177 bonum
1665 1149 1691 1177 in
1714 1152 1848 1186 quantum

1007 1193 1169 1222 huiusmodi
1192 1194 1249 1222 Deo
1264 1194 1353 1222 simile
1369 1198 1417 1223 est.
1434 1195 1460 1222 Si
1477 1202 1542 1231 ergo
1558 1195 1620 1223 idea
1635 1195 1701 1223 dicit
1716 1195 1850 1223 rationem

1006 1241 1189 1277 cognoscendi
1212 1241 1368 1269 secundum
1394 1241 1639 1276 assimilationem,
1666 1243 1758 1270 omnia
1779 1249 1850 1279 quae

1007 1286 1082 1315 Deus
1104 1288 1244 1324 cognoscit
1264 1288 1361 1316 notitia
1382 1288 1621 1324 approbationis,
1648 1291 1712 1317 sunt
1735 1289 1760 1316 in
1782 1288 1848 1325 ipso.

1085 1333 1137 1361 Sed
1159 1334 1326 1367 notandum,
1349 1334 1423 1371 quod
1446 1334 1620 1370 approbatio
1642 1337 1732 1371 potest
1753 1342 1850 1363 conno-

1007 1383 1065 1408 tare
1087 1379 1238 1409 bonitatem
1262 1381 1287 1408 in
1310 1384 1395 1414 actim
1416 1383 1442 1409 et
1464 1381 1503 1409 sic
1525 1389 1579 1409 non
1602 1384 1643 1409 est
1664 1381 1787 1418 praet-ise
1807 1388 1850 1409 ve-

1006 1434 1087 1461 rum,
1109 1427 1184 1463 quod
1217 1435 1298 1456 omne
1329 1427 1404 1464 quod
1437 1430 1478 1456 est
1511 1427 1536 1455 in
1558 1427 1631 1461 Deo,
1654 1427 1688 1455 sit
1709 1428 1848 1463 cognitum

1005 1473 1102 1501 notitia
1122 1473 1337 1510 approbationis.
1371 1474 1460 1502 Potest
1481 1474 1583 1502 iterum
1607 1477 1755 1502 connotare
1777 1474 1851 1502 boni-

1006 1522 1089 1548 tatem
1112 1520 1139 1547 in
1157 1520 1305 1556 potentia,
1327 1520 1399 1549 sicut
1420 1521 1567 1557 exemplar
1589 1524 1717 1549 connotat
1744 1521 1783 1549 rei
1807 1528 1851 1549 en-

1005 1567 1127 1600 titatem,
1161 1575 1214 1594 non
1240 1567 1306 1603 quia
1328 1568 1371 1601 sit,
1403 1567 1451 1596 sed
1484 1568 1549 1604 quia
1581 1568 1656 1596 Deus
1677 1570 1767 1604 potest
1787 1575 1849 1596 eam

1004 1613 1109 1645 sacere;
1132 1615 1159 1641 et
1181 1612 1219 1641 sic
1240 1612 1309 1640 nihil
1331 1616 1373 1641 est
1395 1613 1420 1641 in
1454 1613 1519 1647 Deo,
1541 1613 1593 1642 nisi
1615 1614 1690 1650 quod
1712 1614 1851 1650 cognoscit

1005 1659 1102 1687 notitia
1113 1659 1337 1696 approbationis,
1353 1659 1418 1696 quia
1433 1660 1472 1689 sic
1486 1661 1625 1697 cognoscit
1640 1668 1721 1689 omne
1735 1660 1848 1694 bonum,

1004 1706 1080 1743 quod
1112 1710 1153 1734 est
1183 1706 1226 1735 vel
1258 1706 1333 1743 quod
1358 1710 1451 1743 potest
1482 1706 1595 1743 facere,
1618 1711 1644 1735 et
1670 1707 1744 1735 illius
1766 1707 1848 1736 habet

1004 1753 1163 1789 exemplat:
1185 1756 1212 1781 et
1233 1753 1294 1781 ideo
1316 1753 1387 1782 illud
1411 1757 1516 1781 tantum
1539 1757 1580 1782 est
1602 1754 1628 1781 in
1651 1754 1715 1782 Deo.

1083 1799 1162 1836 Quod
1194 1807 1260 1836 ergo
1282 1799 1389 1833 obiicit,
1417 1800 1490 1837 quod
1524 1800 1653 1829 voluntas
1685 1809 1737 1828 non
1770 1801 1847 1829 facit.

1003 1846 1078 1882 quod
1111 1846 1165 1874 sint
1196 1846 1222 1874 in
1245 1846 1315 1880 Deo,
1344 1846 1509 1881 dicendum,
1542 1847 1616 1883 quod
1640 1847 1692 1876 boc
1713 1855 1767 1875 non
1789 1851 1847 1876 est.

1004 1893 1069 1929 quia
1092 1893 1221 1921 voluntas
1242 1893 1269 1920 in
1291 1897 1377 1926 actu,
1404 1893 1452 1921 sed
1485 1894 1551 1930 quia
1572 1894 1646 1922 Deus
1668 1894 1737 1921 nihil
1759 1897 1848 1930 potest

1004 1938 1110 1973 facere,
1132 1939 1207 1975 quod
1230 1947 1283 1967 non
1315 1939 1451 1976 approbet
1476 1943 1608 1976 tanquam
1631 1940 1751 1974 bonum;
1773 1941 1849 1969 unde

1003 1985 1178 2021 approbatio
1199 1986 1291 2022 potius
1313 1985 1379 2014 dicit
1407 1986 1444 2014 ibi
1467 1986 1603 2014 iudicium
1625 1987 1739 2015 rationis
1761 1994 1845 2024 quam

1003 2032 1132 2060 affectum
1154 2032 1305 2060 voluntatis
1317 2032 1343 2060 ¹⁰.

1863 1394 1970 1413 Dlstinctio.

1083 2079 1161 2115 Quod
1184 2079 1309 2116 quaerit,
1326 2079 1347 2107 si
1363 2079 1464 2112 addit;
1486 2079 1652 2114 dicendum,
1674 2080 1749 2116 quod
1771 2079 1848 2107 addit
1869 2104 1871 2107 ,

1003 2133 1019 2153 a
1034 2128 1113 2162 parte
1128 2126 1214 2153 nostri
1228 2125 1386 2153 intellectas
1400 2128 1427 2154 et
1441 2134 1457 2153 a
1473 2128 1552 2162 parte
1568 2126 1724 2159 coomotati,
1740 2134 1755 2154 a
1770 2129 1848 2163 parte

1003 2172 1091 2209 ipsius
1106 2172 1160 2200 Dei
1172 2180 1236 2200 non.
1258 2172 1316 2200 Non
1338 2172 1376 2201 sic
1397 2176 1491 2201 autem
1517 2172 1595 2201 addit
1616 2173 1800 2209 reprobatio,-
1822 2177 1848 2202 et

1003 2219 1065 2247 ideo
1088 2219 1215 2255 Magister
1237 2227 1290 2247 non
1311 2219 1388 2255 ponit
1410 2220 1534 2248 notitiam
1563 2219 1776 2256 reprolnttionis
1798 2229 1848 2257 pro

1004 2265 1140 2294 membro.

167 2393 171 2407 ¹
192 2394 249 2415 Vide
267 2400 336 2421 supra
360 2400 379 2415 a.
398 2395 418 2415 2.
436 2400 458 2422 q.
481 2395 497 2416 l.
516 2394 618 2416 fundam.
644 2395 663 2422 l,
681 2397 702 2416 et
719 2401 741 2423 q.
765 2395 786 2416 2.
804 2394 906 2417 fundam.
925 2395 962 2424 l„

103 2431 146 2454 cfr.
164 2433 231 2454 etiam
250 2432 276 2454 V.
295 2432 323 2454 de
341 2432 396 2454 Gen.
415 2432 444 2454 ad
462 2433 491 2454 111.
504 2438 523 2454 c.
540 2432 572 2454 18.
588 2439 609 2454 11.
624 2433 666 2460 36,
680 2435 701 2454 et
714 2433 816 2454 Enarrat.
829 2434 850 2454 in
864 2433 945 2455 Psalm.

105 2469 143 2498 49,
163 2471 198 2492 11.
216 2476 237 2492 n.
260 2471 292 2492 ts.

165 2509 174 2523 ἵ
192 2509 257 2530 llom.
277 2509 312 2537 111,
331 2509 368 2531 36.

165 2547 175 2562 ³
197 2548 239 2570 Pro
264 2547 416 2571 habituatiter
441 2549 477 2571 hic
499 2552 521 2571 et
546 2550 603 2571 circa
630 2549 698 2571 finem
724 2550 841 2571 solutionis
867 2555 946 2571 omnes

104 2587 174 2609 ferme
191 2587 258 2609 codd.
277 2586 477 2616 mez'tudz'natttar,
497 2592 519 2611 at
536 2594 666 2615 perperam.
693 2587 737 2610 Csr.
759 2588 788 2610 de
811 2589 855 2610 hoc
876 2594 945 2616 supra

105 2631 156 2653 pag.
175 2626 230 2653 325,
249 2629 299 2648 nota
319 2627 326 2647 11
334 2626 354 2648 0.

165 2663 174 2678 ⁴
192 2665 234 2687 Pro
251 2671 282 2687 ecc
299 2665 345 2687 sere
362 2671 443 2687 omnes
460 2665 526 2687 codd.
545 2668 566 2687 ct
583 2665 619 2687 ed.
639 2665 646 2687 «l
668 2664 708 2692 im
734 2666 855 2693 mendose,
880 2667 903 2687 ut
919 2671 945 2687 ex

104 2702 211 2725 subnexis
228 2704 304 2732 liquet.

166 2742 175 2757 ⁵
192 2741 235 2764 Csr.
254 2748 323 2770 supra
341 2742 363 2765 d.
386 2743 418 2764 19.
436 2748 459 2770 p.
479 2743 492 2765 l.
510 2750 531 2771 q.
551 2742 571 2765 [1.
590 2743 618 2765 ad
636 2744 657 2765 6.

165 2781 174 2795 ⁶
192 2782 221 2803 Ex
238 2782 281 2804 hoe
298 2785 321 2804 et
332 2782 477 2809 praecedenti
490 2781 561 2804 dubio
573 2783 687 2811 sequitur,
701 2782 765 2811 quod
778 2782 839 2804 aliud
852 2783 880 2804 sit
896 2788 946 2804 esse

105 2818 127 2842 in
145 2820 243 2843 essentia
261 2820 315 2848 Dei,
336 2820 397 2842 aliud
414 2827 464 2842 esse
481 2820 504 2842 in
523 2821 583 2848 Deo,
603 2821 664 2843 aliud
682 2828 732 2843 esse
749 2822 770 2843 in
789 2820 886 2844 scientia
897 2820 945 2843 Dei.
974 2842 975 2848 ,

105 2857 137 2879 Do
153 2858 210 2880 ideis
227 2859 287 2880 enim
306 2859 389 2881 divinis
407 2859 499 2887 dicitur,
525 2865 564 2881 eas
581 2865 631 2881 esse
653 2860 674 2881 in
692 2860 731 2881 Dei
749 2860 856 2887 essentia,
883 2859 946 2888 quod

106 2901 148 2917 non
162 2900 235 2924 potest
253 2897 296 2919 diri
309 2897 337 2919 de
355 2899 475 2924 creaturis,
494 2904 553 2926 quac
565 2898 670 2926 quidem,
689 2901 802 2927 quatenus
819 2901 882 2921 sunt.
895 2900 947 2920 sunt

1003 2395 1024 2416 in
1042 2395 1090 2417 Deo
1108 2396 1221 2417 causante
1238 2398 1260 2417 et
1278 2396 1299 2416 in
1317 2394 1360 2417 Dei
1376 2387 1524 2424 comit-'ticum⁴
1541 2396 1598 2417 mala
1617 2402 1673 2417 vero
1685 2398 1737 2417 sunt
1754 2395 1847 2423 quidem

1003 2435 1024 2455 in
1042 2434 1081 2455 Dei
1101 2434 1241 2461 cognitione,
1260 2434 1301 2455 sed
1318 2439 1362 2455 non
1381 2434 1402 2455 in
1419 2433 1479 2461 Dco,
1498 2436 1518 2455 ct
1536 2434 1608 2455 multo
1626 2434 1702 2456 minus
1720 2435 1741 2455 111
1759 2434 1798 2456 Dei
1816 2440 1849 2456 es-

1003 2473 1081 2495 sentia.
1105 2472 1148 2495 Csr.
1167 2473 1227 2494 Alex.
1246 2473 1300 2501 llal.,
1318 2472 1340 2494 S.
1354 2479 1376 2500 p.
1391 2473 1403 2493 l.
1423 2480 1444 2501 (1.
1463 2473 1498 2494 23.
1520 2478 1549 2494 m.
1568 2472 1589 2494 [1.
1602 2479 1622 2494 a.
1642 2473 1660 2494 11.
1678 2473 1691 2501 S
1709 2473 1732 2500 5,
1751 2475 1772 2494 ct
1789 2479 1808 2495 a.
1827 2474 1846 2494 2.

1003 2512 1031 2534 ad
1050 2513 1074 2540 ‘23
1093 2512 1116 2533 B.
1136 2511 1228 2539 Albert„
1247 2512 1283 2533 hic
1300 2517 1319 2533 a.
1339 2511 1359 2532 2.
1378 2513 1399 2533 et
1416 2517 1436 2533 a.
1456 2511 1495 2539 y10,
1514 2511 1639 2539 S.T110m.,
1657 2512 1693 2533 hic
1711 2517 1732 2539 q.
1754 2511 1772 2533 1.
1790 2517 1810 2533 a.
1824 2511 1847 2537 3;

1003 2550 1117 2578 Richard„
1136 2551 1171 2572 111(·
1188 2551 1247 2572 circa
1265 2550 1294 2572 lit.

1066 2589 1074 2603 7
1092 2590 1135 2611 Pro
1153 2590 1187 2611 est
1203 2588 1270 2611 codd.
1288 2589 1331 2610 FT
1342 2589 1371 2610 W
1389 2592 1411 2611 et
1428 2589 1463 2611 ed.
1486 2589 1490 2610 1
1513 2588 1588 2616 debet,
1609 2588 1659 2611 cod.
1672 2589 1689 2610 R
1703 2587 1786 2611 debuit.
1805 2588 1847 2616 Qui

1003 2628 1066 2649 malit
1083 2629 1141 2649 hanc
1158 2628 1289 2655 lectionem,
1307 2628 1374 2649 simul
1393 2628 1481 2650 audiat:
1499 2628 1612 2655 Magister.

1065 2666 1074 2680 ὅ
1093 2666 1135 2688 Pro
1152 2665 1195 2688 illstv
1212 2665 1263 2687 cod.
1281 2665 1299 2687 Ο
1316 2665 1360 2688 ista
1378 2666 1450 2689 mala.
1469 2666 1538 2688 Paulo
1556 2666 1650 2687 inferius
1668 2671 1709 2693 pro
1726 2670 1773 2688 non
1790 2664 1847 2692 facit

1004 2705 1049 2727 fere
1067 2711 1147 2726 onmes
1159 2704 1226 2726 codd.
1245 2711 1297 2726 cum
1315 2705 1351 2727 ed.
1374 2706 1379 2726 1
1403 2710 1449 2727 71071
1469 2704 1541 2733 capit,
1560 2711 1629 2733 quam
1652 2705 1770 2726 lectionem
1794 2709 1848 2726 con-

1003 2746 1075 2765 textus
1092 2742 1206 2770 reprobat.

1067 2782 1076 2792 “
1095 2781 1144 2803 Vnt.
1162 2785 1184 2804 et
1201 2782 1252 2803 cod.
1271 2788 1296 2803 cc
1315 2782 1368 2809 Deo,
1388 2782 1452 2810 quod
1470 2783 1587 2804 manifeste
1604 2785 1637 2803 cst
1655 2781 1742 2802 salsum.

1066 2820 1084 2834 ¹⁰
1101 2820 1145 2842 cfr.
1164 2821 1267 2848 August„
1286 2821 1336 2843 libr.
1354 2821 1479 2848 imperfect.
1503 2820 1531 2842 cle
1555 2821 1609 2842 Gen.
1632 2820 1661 2842 ad
1688 2820 1717 2841 lit.
1741 2825 1759 2841 c.
1781 2819 1802 2841 5.
1825 2825 1846 2841 n.

1004 2860 1043 2885 22,
1062 2859 1101 2881 uhi
1120 2859 1254 2887 significatio
1271 2861 1335 2882 vocis
1346 2859 1484 2889 approbatio
1502 2860 1629 2887 exponitur.
1642 2859 1733 2880 Videsis
1747 2859 1814 2880 eliam
1832 2858 1846 2879 1.

974 2885 975 2908 3
1004 2898 1031 2919 dc
1050 2898 1104 2919 (len.
1123 2898 1151 2920 od
1169 2898 1198 2920 lit⁴
1218 2905 1236 2920 (·.
1254 2898 1274 2920 5.
1294 2905 1313 2920 n.
1336 2899 1373 2926 11,
1391 2902 1412 2921 et
1430 2899 1454 2920 B.
1473 2898 1564 2925 Allien-L,
1584 2898 1619 2919 hic
1636 2904 1656 2919 n.
1674 2898 1694 2919 9,
