2215 3404
263 229 320 258 432

263 308 332 331 sicut
351 303 421 330 idem
441 304 480 328 εει
498 301 522 327 ei
542 307 594 326 esse
619 298 691 333 quod
711 298 797 324 Deam
816 304 906 323 esse».
926 295 1001 323 Unde
1026 294 1107 320 mani-

264 348 327 374 t'cste
346 345 494 377 colligitur,
514 342 587 377 quod
607 341 747 369 essentiam
767 339 884 365 divinam
903 337 1106 371 praedicamus,

264 390 395 416 dicentes:
416 388 493 413 Pater
513 388 551 412 est
570 390 698 418 persona,
718 382 800 408 Filius
820 383 859 407 est
878 386 1005 414 persona,
1028 379 1107 413 Spiri-

265 437 306 459 tus
331 433 439 457 sanctus
467 432 506 455 εει
533 433 662 461 persona,
688 425 714 451 id
743 427 783 451 est
809 423 900 449 divina
928 421 1055 454 essentia;
1082 424 1107 447 et

265 474 371 501 oninino
392 478 474 499 unum
494 473 520 497 ει
539 470 608 496 idem
621 468 787 502 significatur
805 465 911 492 nomine
924 471 1065 498 personae,
1080 463 1106 488 id

265 521 304 544 est
323 515 435 543 essentia
456 514 560 543 divina,
580 519 640 538 cum
661 510 773 537 dicitur:
793 509 869 535 Pater
889 510 928 533 εει
947 512 1069 540 persona,
1083 508 1109 532 ει

265 560 347 586 Filius
367 561 406 584 est
424 562 553 591 persona,
573 553 644 589 quod
665 552 830 586 significatur
850 550 955 576 nomine
974 547 1024 575 Dei
1046 555 1108 574 cum

265 602 376 628 dicitur:
397 600 474 626 Pater
487 601 526 625 est
545 598 628 628 Dens,
647 595 730 622 Filius
743 597 782 621 est
795 594 873 620 Deus.
894 593 930 618 lta
945 591 1024 618 etiam
1039 590 1109 616 idem

265 644 441 678 significatur,
461 648 522 668 cum
541 639 650 666 dicitur:
676 638 746 664 Deus
765 639 804 663 est
823 636 907 667 Deus,
927 637 953 661 et
980 634 1051 660 Dens
1071 635 1110 659 est

265 693 393 721 persona;
413 688 527 718 utroque
550 682 620 708 enim
644 680 750 707 nomine
776 678 890 705 essentia
909 677 999 703 divina
1018 675 1110 702 intelli-

266 730 349 763 gitur,
364 728 426 762 quia
440 730 583 759 utrumque
595 723 743 751 secundum
756 720 931 748 substantiam
951 718 1057 745 dicitur.

338 770 403 797 Cum
423 776 487 795 vero
507 768 619 794 dicitur:
638 767 715 792 Pater
735 767 760 791 et.
774 764 856 790 Filius
876 765 901 789 et
920 761 1035 795 Spiritus
1054 767 1111 786 san-

139 822 219 847 cet-saun
233 821 252 847 ιιι
266 817 325 840 ctus
344 815 405 839 sunt
424 814 477 838 tres
496 816 640 844 personae,
660 807 725 842 quid
744 806 850 833 nomine
867 810 999 839 personae
1012 802 1111 837 signiti-

126 845 193 886 32¹3?
207 844 252 868 ΨΜ
267 856 377 882 camus?
396 857 435 880 An
456 852 615 879 essentiam?
643 850 699 876 Hoc
725 849 795 875 enim
821 847 938 879 videtur,
958 847 980 872 si
1006 852 1087 880 supra
1102 845 1109 858 ¹

266 898 353 933 posita
373 896 454 923 verba
473 894 613 929 Augustini
632 893 771 927 diligenter
788 893 946 917 scrutemur.

337 940 424 973 Supra
435 938 505 965 enim
518 937 599 968 dixit,
609 935 681 970 quod
692 934 771 961 «ideo
782 937 836 960 tres
849 939 978 967 personas
989 931 1111 962 dicimus,

126 991 187 1009 rrum
206 990 252 1016 rano
267 983 330 1017 quia
350 981 376 1008 id
396 980 468 1015 quod
488 986 602 1014 persona
625 981 679 1009 εει,
705 983 846 1003 commune
872 978 911 1002 est
935 975 1053 1001 tribus».
1079 974 1111 1000 Et

126 1014 253 1055 llissugffww'
266 1026 342 1055 item,
362 1035 372 1046 «
385 1023 446 1058 quia
467 1023 544 1048 Pater
564 1024 603 1048 εει
621 1026 750 1054 persona,
770 1021 796 1045 et
813 1018 896 1045 Filius
916 1020 956 1044 εει
979 1024 1110 1051 persona,

267 1071 292 1094 et
321 1066 436 1101 Spiritus
461 1067 570 1091 sanctus
593 1066 632 1089 est
658 1069 787 1097 persona,
814 1060 873 1087 ideo
899 1062 953 1086 tres
980 1066 1111 1093 personae

267 1111 393 1136 dicuntur
402 1120 426 1134 u.
446 1107 558 1134 Videtur
572 1112 634 1139 ergo
643 1126 649 1137 ,
663 1105 775 1132 eandem
791 1107 880 1130 tenere
891 1102 1110 1136 significationem

267 1154 318 1179 hoe
338 1159 433 1178 nomen
450 1158 578 1185 persona,
590 1156 651 1175 cum
671 1148 780 1174 dicitur:
802 1150 854 1173 tres
872 1152 1011 1180 personae,
1030 1152 1111 1179 quam

266 1195 359 1225 habet,
379 1201 441 1220 cum
455 1193 564 1219 dieitur:
584 1192 661 1217 Pater
681 1193 720 1216 est
738 1196 869 1224 persona,
890 1188 972 1214 Filius
991 1190 1030 1214 est
1055 1194 1113 1221 per-

267 1244 345 1268 sona,
365 1236 481 1270 Spiritus
500 1236 608 1261 sanctus
627 1236 666 1259 cst
685 1238 818 1266 persona;
838 1231 916 1264 qnia,
941 1233 969 1256 ut
998 1229 1112 1255 ostendit

267 1278 444 1312 Augustinus,
464 1277 516 1303 hoc
535 1276 635 1302 dieitur
650 1274 726 1300 —id
740 1276 779 1300 εει
793 1276 845 1299 tres
863 1278 994 1307 personae
1006 1286 1042 1290 —
1053 1278 1112 1305 pro-

266 1325 326 1356 pter
350 1319 416 1346 illud
430 1319 447 1350 ²,
468 1319 531 1352 quia
552 1317 578 1343 id
598 1317 671 1351 quod
690 1322 806 1350 persona
826 1317 879 1346 est,
905 1320 1047 1341 commune
1073 1316 1113 1340 est

267 1366 313 1393 eis.
332 1365 361 1391 Id
381 1371 443 1397 ergo
464 1362 536 1397 quod
557 1368 698 1388 commune
718 1363 758 1387 est
777 1360 827 1391 eis,
848 1359 874 1385 id
894 1362 933 1385 est
946 1358 1016 1385 Patri
1036 1361 1062 1384 et
1074 1358 1113 1384 Fi-

268 1410 302 1435 lio
323 1411 348 1434 ει
367 1406 478 1441 Spiritui
497 1408 604 1436 sancto,
624 1404 730 1430 videtur
749 1402 893 1437 significari
922 1401 1028 1428 nomine
1051 1408 1114 1435 per-

267 1458 362 1480 sonae,
382 1456 444 1475 cum
463 1447 562 1473 dicitur
583 1450 634 1472 [res
653 1453 791 1481 personae.

338 1491 422 1518 Aliter
441 1490 521 1517 etiam
540 1492 627 1523 potest
646 1488 760 1520 ostendi,
784 1487 857 1522 quod
876 1487 920 1523 ibi?
932 1486 1039 1513 nomine
1057 1494 1114 1521 per<

139 1548 180 1566 Ana
199 1546 254 1564 mtto.
269 1543 350 1562 sonae
369 1534 532 1568 significetur
561 1532 682 1563 essentia,
702 1538 764 1557 cum
789 1530 887 1557 dicitur
907 1534 958 1556 cres
974 1537 1113 1564 personae.

271 1579 304 1606 Ut
323 1579 393 1605 enim
407 1584 489 1611 supra
503 1576 512 1589 ³
530 1575 597 1602 dixit
616 1575 791 1609 Augustinus,
820 1581 849 1600 ea
872 1573 1030 1599 necessitate
1050 1572 1116 1598 dixi-

273 1628 332 1647 mus
358 1624 408 1646 tres
430 1626 578 1654 personas,
606 1620 635 1644 ut
660 1616 885 1650 responderemus
910 1614 1114 1649 quaerentibus,

272 1662 339 1699 quid
358 1667 425 1694 tres,
446 1662 487 1688 vel
507 1660 574 1696 qnid
588 1659 649 1686 tria.
663 1659 728 1686 Cum
742 1666 804 1692 ergo
819 1658 970 1692 quaeritur,
984 1656 1051 1692 quid
1064 1661 1115 1683 tres

273 1706 314 1733 vel
325 1704 392 1741 quid
402 1704 466 1735 cria,
478 1703 666 1730 convenienter
677 1701 861 1736 respondetur,
872 1708 934 1727 cum
944 1700 1054 1726 dicitur:
1064 1703 1116 1726 tres

274 1755 412 1783 personae.
432 1750 465 1773 At
484 1753 545 1773 cum
565 1745 717 1780 quaeritur,
737 1743 804 1778 qnid
823 1747 894 1773 tres,
914 1743 955 1769 vel
975 1741 1115 1777 quido-ia,

274 1798 323 1825 per
333 1789 442 1825 quidde
456 1788 570 1815 essentia
584 1787 729 1821 quaeritur.
740 1786 797 1812 Non
812 1785 883 1812 enim
896 1785 1038 1817 invenitur,
1052 1784 1117 1819 quid

276 1833 313 1859 illi
334 1837 386 1858 tres
405 1832 468 1863 sint,
488 1831 538 1857 nisi
558 1830 679 1856 essentia.
700 1829 726 1855 Si
741 1836 802 1862 ergo
817 1828 967 1862 quaestioni
987 1830 1059 1854 recte
1081 1835 1118 1854 re-

276 1874 452 1908 spondemus,
472 1875 577 1906 oportet
601 1875 630 1898 ιιι
652 1870 838 1905 respondendo
861 1870 1003 1896 essentiam
1023 1869 1119 1902 signiti-

277 1924 380 1944 cemus:
394 1916 511 1950 alioquin
531 1922 583 1941 non
598 1914 774 1944 ostendimus,
787 1913 851 1948 quid
864 1916 917 1939 tres
929 1913 988 1939 sint.
1009 1912 1035 1939 Si
1055 1920 1118 1939 vero

277 1959 468 1993 respondentes
488 1958 629 1984 essentiam
649 1957 831 1990 significamus
845 1977 851 1987 ,
872 1956 957 1990 ipsam
978 1956 1119 1982 essentiam

274 2009 406 2037 personae
425 2001 530 2027 nomine
551 2000 738 2033 intelligimus,
764 2006 825 2025 cum
849 1999 961 2025 dicitur:
986 2002 1039 2025 tres
1064 2006 1121 2033 per-

278 2051 366 2071 sonae.

348 2086 512 2118 Quibusdam
532 2085 645 2118 videtur,
666 2085 738 2119 quod
758 2085 863 2111 nomine
889 2092 1020 2119 personae
1045 2084 1122 2118 signi-

140 2134 267 2175 qnflupuriffig}
279 2130 373 2156 ficetur
392 2129 519 2160 essentia,
539 2135 600 2154 cum
621 2128 720 2154 dicitur
739 2131 791 2153 tres
810 2135 959 2161 personae,
980 2130 1122 2161 propterea

140 2170 343 2206 {maffeiumquia
362 2171 524 2205 Augustinus
544 2170 609 2196 dicit
619 2170 637 2202 ⁴,
657 2170 717 2196 ideo
737 2169 790 2195 dici
811 2172 864 2195 tres
891 2176 1033 2203 personas,
1060 2168 1123 2202 quia

281 2221 423 2240 commune
443 2216 482 2239 est
501 2213 539 2239 eis
558 2213 585 2238 id
604 2212 676 2246 quod
696 2215 736 2238 est
754 2219 882 2245 persona,
902 2214 931 2237 ut
950 2211 984 2237 sit
1004 2210 1062 2236 talis
1088 2210 1124 2235 in-

282 2256 439 2289 telligentia:
458 2256 535 2281 Pater
555 2257 580 2281 et
599 2254 681 2280 Filius
701 2257 726 2280 et
747 2253 862 2287 Spiritus
875 2256 983 2279 sanctus
996 2255 1057 2278 sunt
1070 2255 1123 2278 tres

282 2305 426 2332 personae,
446 2297 472 2323 id
492 2300 545 2329 est,
558 2299 619 2323 sunt
632 2299 685 2322 tres
704 2295 730 2321 id
742 2296 870 2322 habentes
884 2301 1038 2326 commune,
1052 2294 1123 2327 quod

283 2344 322 2366 est
340 2347 468 2374 persona,
488 2339 514 2365 id
533 2342 587 2369 est,
608 2341 660 2365 tres
672 2341 747 2369 sunt,
761 2345 875 2371 quorum
888 2337 1001 2371 quisque
1016 2339 1055 2363 εει
1067 2343 1125 2370 per-

283 2390 361 2414 sona,
381 2382 407 2408 id
427 2385 467 2408 est
485 2381 607 2408 essentia.
626 2380 678 2407 Sed
697 2380 831 2414 quomodo
851 2380 925 2406 iuxta
944 2379 1014 2405 hanc
1033 2378 1125 2405 intelli-

284 2425 399 2457 gentiam
418 2424 538 2450 dicetur:
559 2423 611 2449 alia
631 2426 670 2449 est
688 2429 802 2456 persona
821 2422 918 2453 Patris,
937 2421 989 2447 alia
1002 2421 1079 2447 Filii?
1092 2421 1125 2447 Et

944 216 1195 247 SENTENTIARUM
1217 215 1276 244 [ΑΒ.
1299 215 1316 243 l.

1163 292 1214 319 hoc
1234 292 1313 318 etiam
1333 291 1370 317 ita
1383 290 1475 317 volunt
1487 288 1649 322 intelligere,
1668 287 1771 314 scilicet
1789 287 1856 313 alius
1870 289 1909 312 est
1919 286 2005 318 Pater,

1163 338 1189 361 et
1208 335 1276 361 alius
1294 337 1334 360 est
1352 333 1452 364 Filius,
1472 332 1499 358 id
1519 335 1606 358 tamen
1625 336 1767 357 commune
1786 329 1913 355 habentes
1932 328 2004 362 quod

1163 379 1203 403 est
1221 383 1343 410 persona.
1363 376 1396 401 Et
1414 375 1466 401 hoc
1486 374 1644 400 confirmant
1669 372 1826 399 auctoritato
1851 370 2004 404 Augustini,

1163 419 1209 453 qui
1228 419 1254 445 in
1274 418 1386 452 septimo
1406 417 1475 443 libro
1503 417 1536 444 de
1563 415 1710 442 Trinitate⁵
1733 414 1782 441 ait:
1803 425 1813 437 «ι
1826 414 1890 440 Τι·εε
1918 420 2006 447 perso-

1163 469 1211 488 nas
1231 461 1351 488 einsdem
1370 460 1513 492 essentiae,
1535 459 1575 485 vel
1596 462 1648 485 tres
1667 464 1796 492 personas
1815 463 1895 483 unam
1921 463 2008 483 essen-

1164 504 1227 531 tiam
1246 504 1369 530 dicimus.
1388 504 1453 530 Tres
1472 506 1560 529 autem
1581 509 1709 536 personas
1729 508 1761 527 ex
1781 499 1873 526 eadem
1894 499 2007 525 essentia

1164 553 1215 572 non
1242 546 1368 579 dicimus,
1397 545 1474 580 quasi
1500 544 1572 571 aliud
1598 544 1635 570 ibi
1663 543 1697 570 sit
1716 543 1786 577 quod
1816 541 1929 569 essentia
1954 543 2008 573 est,

1165 589 1238 615 aliud
1257 588 1329 623 quod
1348 594 1540 622 persona».—
1553 587 1608 612 Hac
1627 585 1785 612 auctoritate
1807 587 1833 611 et
1854 583 2009 619 praemissis

1165 634 1296 658 conantur
1324 637 1443 657 asserere
1467 630 1494 655 in
1518 628 1664 663 praedictis
1688 627 1884 659 locutionibus,
1913 633 2009 653 nomen

1162 682 1295 710 personae
1314 673 1456 700 essentiam
1474 672 1633 706 significare.

1236 716 1288 743 Sed
1308 716 1373 750 quid
1392 714 1592 749 respondebunt
1610 714 1644 740 ad
1664 713 1690 739 id
1709 713 1780 747 quod
1807 713 1864 747 ipse
1889 711 2010 745 Augusti·
2023 715 2065 757 ἔξω
2084 720 2151 739 aprro-

1166 767 1216 787 nus
1235 760 1261 786 in
1281 759 1349 785 libro
1369 758 1402 784 de
1420 757 1485 784 Fide
1505 756 1538 783 ad
1550 757 1657 782 Petrum
1671 755 1680 768 ‘⁵
1699 755 1775 787 dicit,
1789 766 1800 778 ι(
1813 755 1923 787 scilicet,
1937 753 2009 788 quod
2036 740 2084 757 “²¹¹‘'

1167 803 1234 829 alius
1247 805 1287 829 est
1300 802 1377 828 Pater
1396 801 1421 827 in
1441 806 1556 834 persona
1581 799 1637 825 sive
1660 798 1843 832 personaliter,
1863 797 1931 824 alius
1953 803 2011 831 per-

1166 845 1292 872 sonaliter
1316 844 1411 875 Filius,
1437 843 1505 870 alius
1530 841 1705 876 personaliter
1724 840 1840 874 Spiritus
1865 842 1972 866 sanctus
1982 839 2011 865 »ἲ

1166 887 1304 919 Quomodo
1318 887 1388 913 enim
1400 885 1468 912 alius
1477 884 1653 919 personaliter
1663 884 1748 916 Pater,
1758 883 1827 909 alins
1836 882 2012 917 personaliter

1167 931 1250 958 Filius
1259 952 1265 963 ,
1278 930 1346 957 alius
1359 928 1536 964 personaliter
1549 927 1664 962 Spiritus
1678 930 1800 958 sanctus,
1811 926 1833 952 si
1847 926 1872 952 in
1886 933 1939 952 esse
1952 933 2012 960 per-

1166 982 1261 1000 sonam
1281 973 1388 1000 omnino
1408 971 1581 1003 conveniunt,
1596 970 1622 996 id
1642 972 1693 1001 est,
1712 969 1735 996 si
1754 975 1869 1003 persona
1885 967 2012 994 essentiae

1168 1019 1269 1042 tantum
1294 1014 1494 1048 intelligentiam
1515 1013 1594 1040 lacit?
1620 1012 1681 1038 Ideo
1708 1011 1784 1037 nobis
1812 1009 1917 1037 videtur
1936 1010 2013 1036 aliter

1166 1058 1218 1084 hoc
1231 1065 1309 1092 posse
1323 1057 1376 1084 dici
1389 1055 1653 1091 congruentiusiuxta
1664 1054 1857 1081 catholicorum
1867 1053 2012 1080 Doctorum

1167 1101 1348 1127 auctoritates.

1533 1174 1593 1201 CAP.
1613 1175 1642 1201 lI.

1239 1247 1277 1273 De
1297 1245 1401 1280 napaei
1419 1244 1567 1279 acceptione
1587 1243 1667 1271 lanias
1686 1243 1806 1270 nominis
1828 1250 1942 1278 persona

1495 1286 1526 1313 in
1548 1285 1687 1313 Trinitate.

1239 1357 1383 1384 Sciendum
1403 1360 1442 1384 est
1461 1356 1549 1390 igitur,
1562 1356 1635 1390 quod
1649 1356 1700 1382 hoc
1713 1363 1809 1382 nomen
1819 1363 1937 1390 persona
1950 1356 2015 1382 mul-

1170 1401 1288 1434 tiplicem
1307 1400 1507 1433 intelligentiam
1526 1399 1602 1429 facit,
1622 1406 1674 1425 non
1693 1405 1774 1424 unam
1795 1401 1904 1425 tantum.
1925 1399 1957 1424 Et
1986 1401 2015 1425 ut

1169 1443 1284 1469 Hilarius
1304 1443 1340 1469 ait
1360 1443 1385 1468 in
1405 1442 1474 1468 libro
1494 1444 1589 1475 quarto
1604 1441 1637 1467 de
1650 1441 1777 1467 Trinitate
1788 1440 1808 1466 ⁷:
1823 1440 2015 1475 «Intelligentia

1170 1485 1303 1511 dIctorum
1323 1492 1356 1511 ex
1375 1484 1464 1511 causis
1484 1487 1524 1510 est
1543 1483 1703 1510 assumenda
1731 1482 1849 1515 dicendi,
1876 1483 1939 1517 quia
1962 1490 2014 1509 non

1170 1528 1285 1555 sermoni
1305 1535 1361 1559 res,
1381 1527 1428 1554 sed
1447 1527 1486 1553 rei
1506 1534 1593 1553 sermo
1613 1526 1749 1553 subiectus
1769 1529 1844 1552 est».
1862 1526 2016 1552 Discernen-

1172 1574 1209 1597 tes
1229 1578 1291 1604 ergo
1312 1570 1418 1597 dicendi
1432 1577 1527 1596 causas
1540 1569 1620 1595 huius
1633 1569 1760 1601 nominis,
1774 1569 1876 1595 scilicet
1885 1576 2014 1604 persona,

1171 1613 1392 1648 significationem
1406 1612 1593 1645 distinguimus
1607 1611 1740 1643 dicentes,
1752 1611 1824 1646 quod
1838 1611 1890 1638 hoc
1903 1619 1998 1638 nomen
2009 1632 2015 1643 ,
2030 1621 2114 1640 Persona
2138 1621 2158 1639 in

1171 1656 1274 1682 scilicet
1289 1663 1417 1690 persona,
1437 1655 1546 1689 proprie
1566 1654 1714 1680 secundum
1729 1654 1904 1681 substantiam
1918 1654 2017 1681 dicitur
2031 1644 2128 1668 ⁵i¹¹3¹¹¹³si'

1172 1702 1197 1725 et
1211 1698 1351 1725 essentiam
1364 1698 1506 1731 significat,
1520 1697 1589 1723 sicut
1602 1696 1700 1731 supra*³
1715 1696 1829 1723 ostendit
1840 1696 2016 1730 Augustinus,

1173 1748 1234 1768 cum
1263 1740 1374 1767 dicitur:
1404 1740 1475 1766 Deus
1503 1742 1542 1766 est
1570 1745 1698 1774 persona,
1724 1739 1801 1766 Pater
1828 1742 1868 1765 εει
1892 1746 2016 1773 persona.

1172 1783 1292 1815 Quadam
1313 1786 1399 1809 tamen
1419 1783 1589 1813 necessitate,
1609 1785 1732 1816 utsupra
1752 1782 1819 1808 dixit.
1838 1782 2017 1816 Augustinus,

1173 1826 1331 1853 translatum
1359 1828 1397 1852 est
1423 1826 1474 1852 hoc
1506 1832 1601 1852 nomen
1617 1847 1623 1859 ‚
1654 1829 1682 1852 ut
1713 1825 1853 1859 pluraliter
1884 1825 2019 1852 diceretur

1175 1874 1226 1895 tres
1244 1876 1389 1904 personae,
1410 1876 1470 1895 cum
1491 1871 1673 1902 quaereretur,
1696 1867 1763 1902 qaid
1788 1872 1857 1898 tres,
1883 1868 1924 1894 vel
1952 1867 2019 1902 quid

1176 1912 1249 1943 Μὰ,-
1268 1912 1314 1939 ubi
1334 1919 1385 1938 non
1405 1911 1536 1945 significat
1555 1911 1712 1942 essentiam,
1732 1911 1759 1937 id
1778 1914 1817 1938 εει
1835 1913 1958 1938 naturam
1984 1910 2020 1937 di-
2034 1917 2052 1935 {n
2066 1916 2141 1940 plurali.

1176 1955 1279 1987 vinam,
1299 1962 1369 1989 quae
1388 1954 1537 1980 communis
1558 1957 1597 1980 est
1617 1954 1701 1980 trihus
1720 1954 1856 1988 personis,
1876 1954 1921 1980 sed
1936 1952 2019 1980 subsi-

1176 1996 1298 2027 stentias,
1331 1996 1372 2023 vel
1401 1997 1559 2031 hypostases
1587 1996 1734 2023 secundum
1769 1996 1891 2023 Graecos.
1926 1996 2020 2022 Graeci

1177 2041 1290 2075 quippe,
1309 2042 1338 2066 ut
1357 2038 1459 2073 supra⁹
1485 2039 1552 2065 dixit
1575 2039 1755 2072 Augustinus,
1785 2039 1860 2065 aliter
1885 2038 2021 2073 accipiunt

1178 2083 1367 2114 substantiam,
1387 2082 1414 2108 id
1433 2085 1472 2108 est
1492 2081 1672 2115 hypostasim,
1693 2081 1769 2108 aliter
1791 2089 1847 2107 nos.
1872 2081 1926 2107 Nos
1951 2081 2021 2107 enim

1178 2125 1353 2153 substantiam
1372 2124 1487 2151 dicimus
1507 2124 1648 2151 essentiam
1668 2125 1724 2150 sive
1743 2127 1874 2150 naturam.
1894 2124 2023 2150 Personas

1179 2171 1268 2194 autem
1288 2167 1416 2198 dicimus,
1445 2167 1515 2193 sicut
1543 2167 1581 2193 illi
1600 2166 1706 2198 dieunt,
1735 2166 1909 2198 substantias,
1929 2166 1955 2192 id
1985 2169 2025 2192 est

1179 2211 1345 2244 hypostases.
1366 2209 1393 2235 Si
1405 2209 1425 2222 ¹⁰
1445 2216 1507 2242 ergo
1527 2216 1574 2235 nos
1603 2209 1639 2235 ita
1659 2209 1808 2242 accipimus
1832 2215 1975 2242 personas,
1995 2210 2024 2234 ut

1179 2253 1217 2278 illi
1237 2253 1374 2286 accipiunt
1393 2251 1554 2278 substantias
1574 2251 1614 2278 vel
1640 2251 1814 2285 hypostases;
1840 2253 1867 2277 at
1886 2250 1924 2277 illi
1948 2250 2025 2277 aliter

1179 2295 1316 2329 accipiunt
1343 2295 1518 2328 hypostases,
1547 2300 1627 2327 quam
1650 2300 1698 2320 nos
1728 2293 1920 2319 substantiam:
1947 2293 2024 2319 aliter

1180 2344 1242 2370 ergo
1268 2344 1315 2362 nos
1336 2336 1483 2370 accipimus
1502 2343 1629 2370 personas
1649 2343 1730 2370 quam
1750 2335 1934 2362 substantiam.
1959 2335 2024 2362 Cum

1180 2387 1242 2413 ergo
1262 2379 1391 2406 dicimus:
1411 2382 1465 2405 tres
1484 2386 1623 2413 personas,
1643 2386 1695 2405 non
1714 2378 1751 2405 ibi
1768 2386 1899 2413 personae
1918 2379 2026 2405 nomine

1180 2422 1321 2448 essentiam
1332 2421 1520 2454 significamus.
1530 2420 1597 2451 Quid
1609 2428 1671 2454 ergo
1685 2421 1815 2447 dicimus?
1825 2421 1952 2452 Dicimus,
1963 2421 2026 2455 quia

349 2618 356 2632 ¹
374 2618 429 2640 Dist.
446 2618 524 2640 xxm.
545 2623 564 2640 c.
585 2618 606 2640 2.
626 2618 678 2639 Loci
696 2618 731 2639 isti
742 2617 833 2640 indicati
852 2620 905 2639 sunt
920 2623 973 2645 pag.
997 2616 1052 2645 402,
1076 2620 1127 2639 nota

292 2658 308 2680 Ι,
325 2660 347 2679 ει
363 2657 384 2679 4.

349 2694 358 2708 ‘³
376 2694 446 2717 Codd.
464 2694 510 2716 AD
524 2697 546 2716 ct
562 2694 598 2716 ed.
616 2695 624 2715 ·l
647 2700 691 2716 non
708 2693 768 2716 hene
785 2694 872 2716 addunt
888 2693 912 2716 ld
927 2694 967 2716 est.

349 2733 359 2748 ³
376 2733 429 2756 Dist.
447 2733 525 2755 xxm.
543 2738 561 2755 c.
584 2734 601 2755 1.
619 2735 641 2755 ει
657 2734 682 2761 2,
701 2732 740 2755 ubi
757 2733 799 2755 loci
816 2734 937 2761 Augustini
954 2734 1013 2755 citati
1031 2736 1128 2755 sunt.—

288 2772 356 2794 Paulo
374 2775 425 2794 ante
442 2772 492 2795 Vnt.
510 2774 532 2794 ει
548 2772 604 2794 aliae
623 2772 683 2800 edd.,
704 2775 797 2800 excepta
820 2772 840 2800 l,
858 2775 935 2794 contra
953 2772 1019 2794 codd.
1038 2771 1129 2795 videtur

285 2816 354 2839 posse
373 2816 416 2837 pro
432 2811 511 2839 potest.
523 2822 554 2826 —
566 2810 587 2832 ln
614 2810 763 2838 sequentibus
788 2810 900 2837 plurimae
927 2810 979 2832 edd.
998 2810 1080 2832 habent
1098 2809 1128 2832 di-

289 2848 364 2871 cimus
382 2854 423 2876 pro
440 2848 556 2876 dminus,
577 2852 598 2871 et
614 2848 762 2871 ostendemus
778 2854 821 2876 pro
838 2848 988 2871 ostendimus.

352 2886 360 2901 ⁴
378 2887 438 2909 Libr.
456 2888 499 2909 Vll.
518 2887 547 2909 de
564 2888 626 2909 Trin.
644 2894 662 2910 c.
681 2887 701 2909 4.
719 2894 740 2909 n.
758 2887 779 2909 7.

352 2926 361 2940 5
379 2925 433 2953 Cap.
452 2926 472 2948 6.
491 2932 512 2948 n.
534 2927 566 2948 ll.
578 2927 643 2948 —ln
661 2926 705 2948 fine
722 2929 796 2948 textus
812 2929 863 2954 post
876 2932 979 2955 persona
1006 2927 1055 2949 Vnt.
1076 2932 1128 2948 cum

291 2964 339 2986 aliis
356 2964 419 2993 edd„
437 2968 529 2992 excepta
552 2965 568 2992 l,
586 2964 649 2987 addit
665 2966 699 2987 est
715 2968 790 2987 contra
809 2964 875 2987 codd.
893 2968 915 2987 et
931 2965 1047 2992 originale.

1245 2617 1255 2631 ὃ
1272 2616 1327 2644 Cap.
1349 2618 1365 2639 l.
1384 2623 1405 2639 n.
1423 2617 1444 2639 ὃ.

1246 2656 1256 2671 7
1272 2657 1338 2678 Num.
1360 2655 1392 2678 14,

1247 2694 1257 2709 S
1274 2695 1313 2716 llic
1338 2700 1356 2716 c.
1390 2695 1394 2715 l
1409 2712 1414 2722 ,
1440 2696 1462 2716 et
1490 2694 1512 2715 d.
1537 2693 1614 2716 xxnl.
1640 2700 1659 2716 c.
1689 2694 1708 2715 l.
1735 2694 1763 2721 33
1790 2695 1811 2716 ct
1838 2700 1936 2722 sequens
1964 2694 2028 2716 locus

1185 2733 1240 2756 ibid.
1257 2740 1275 2755 c.
1295 2734 1315 2754 2.

1247 2772 1256 2786 ’ἒ
1274 2772 1332 2794 Vide
1350 2772 1371 2794 d.
1390 2771 1467 2793 xxnl.
1479 2777 1498 2793 c.
1517 2772 1537 2793 2.
1549 2783 1581 2787 —
1592 2771 1660 2793 Paulo
1678 2774 1729 2793 ante
1740 2771 1807 2793 codd.
1826 2770 1869 2793 CD
1880 2771 1895 2792 E
1915 2777 1955 2798 pro
1973 2770 2028 2794 sul]-

1185 2810 1302 2833 sistenlias
1320 2810 1404 2833 liabent
1420 2809 1576 2838 substantias,
1596 2816 1655 2838 quae
1678 2810 1742 2832 lectio
1761 2816 1805 2831 non
1822 2812 1856 2832 est
1876 2809 1942 2837 salsa,
1961 2809 2028 2831 dum-

1186 2850 1256 2872 modo
1273 2849 1413 2871 substantiae
1429 2849 1581 2876 intelligantur
1603 2851 1627 2870 ut
1644 2848 1783 2871 substantiae
1799 2847 1907 2877 primae,
1933 2849 1982 2870 sive
2005 2851 2029 2870 ut

1186 2888 1321 2917 hypostases
1338 2887 1400 2915 apud
1417 2887 1522 2915 Graecos,
1533 2886 1729 2915 quemadmodum
1742 2887 1763 2908 in
1781 2887 1830 2909 loco
1847 2893 1900 2909 mox
1912 2889 2028 2915 sequente.

1249 2925 1274 2962 ¹⁰·
1286 2926 1335 2948 Vnt.
1353 2928 1375 2948 et
1390 2925 1426 2948 ed.
1445 2926 1457 2947 8
1479 2931 1601 2953 perperam
1622 2924 1668 2948 Sic.
1690 2925 1740 2947 Mox
1758 2919 1813 2947 Vnt.¹
1825 2928 1846 2947 et
1867 2925 1903 2947 ed.
1922 2926 1935 2947 2
1956 2926 1977 2947 et
1994 2924 2030 2947 ille*

1187 2970 1228 2992 pro
1245 2965 1271 2987 at
1287 2963 1327 2986 [lli.
