2215 3404
7 1453 105 1474 fetandum.

823 134 907 162 DIST.
930 134 1040 161 XXXIII.
1064 134 1168 163 DUBIA.

128 218 198 244 non,
220 210 284 246 quia
316 218 368 238 non
401 211 578 247 praedicatur
610 219 660 247 per
681 211 861 239 identitatem.
884 211 946 239 Ideo
960 210 967 224 ¹

129 264 191 285 cum
224 256 326 284 Hilario
348 257 422 291 dicit,
454 257 526 294 quod
550 260 591 286 est
623 256 920 293 incomprehensibile,
943 260 969 286 et

127 303 259 332 describit
282 303 639 340 incomprehensihilitatem
669 305 804 340 quantum
826 303 861 331 ad
884 302 970 339 tripli-

127 357 185 378 cem
208 350 279 378 vim:
302 352 439 386 quantum
461 350 496 378 ad
523 349 715 386 receptivam,
747 357 811 378 cum
841 349 907 377 dicit
928 349 969 376 iii-

128 396 380 433 comprehensibile
395 399 461 430 etc.;
476 399 613 433 quantum
628 396 663 424 ad
678 395 887 432 expressz'vam,
903 402 967 423 cum

126 443 192 472 dicit
213 447 298 472 extra
319 443 461 471 sermones
492 442 753 480 styitz'ficcttz'onem;
774 445 910 479 quantum
932 441 967 470 ad

126 490 319 518 indicativam
331 490 350 523 ²,
372 498 435 518 cum
457 490 523 518 dicit
545 492 630 517 extra
650 497 752 517 sensus
774 489 966 517 intentionem.

127 537 157 566 Et
187 537 256 571 alia,
287 544 359 573 quae
381 538 553 573 sequuntur,
583 535 625 564 his
656 535 747 563 tribus
768 537 915 572 aptantur,
937 537 968 563 ut

125 586 200 620 patet
221 583 385 619 inspicienti.

485 660 552 687 Due.
575 659 603 687 II.

202 747 268 775 ltem
291 746 437 783 quaeritur
459 746 492 774 de
521 745 701 782 responsione
723 745 860 782 Magistri,
882 753 965 782 quam

123 793 187 822 facit
217 793 267 822 ibi:
299 794 431 829 Quorum
459 792 606 821 audaciae
626 792 788 820 resistentes
816 796 866 820 etc.
896 792 967 820 Dicit

122 841 205 873 enim,
225 840 299 877 quod
316 840 498 877 proprietates
520 842 584 868 sunt
605 839 632 866 in
655 839 850 875 hypostasibus
871 841 898 867 et
920 846 966 867 eas

123 886 323 919 determinant;
340 886 366 914 in
381 885 500 914 essentia
520 888 600 919 suut,
615 884 664 913 sed
679 892 741 913 eam
763 892 817 912 non
839 884 967 913 determi-

122 936 197 961 nant.
220 933 335 962 Videtur
356 932 430 960 enim
452 939 512 960 esse
533 930 682 968 oppositio,
704 931 770 968 qula
794 931 884 959 omnis
905 939 967 967 pro-

122 980 225 1017 prietas
246 983 287 1008 est
309 979 522 1008 determinativa
543 978 603 1007 eius
626 978 652 1006 in
678 986 733 1015 quo
758 981 814 1012 est,
842 978 965 1014 alioquin

122 1027 150 1055 in
170 1027 218 1055 illo
250 1035 303 1055 non
335 1029 388 1055 est:
422 1034 488 1063 ergo
510 1026 532 1054 si
556 1025 739 1062 proprietates
761 1034 814 1053 non
838 1025 966 1054 determi-

121 1076 187 1102 nant
208 1074 375 1107 essentiam,
397 1082 451 1101 non
473 1076 538 1102 suut
558 1073 586 1101 in
607 1073 734 1101 essentia.

199 1121 378 1149 Responnsso:
401 1120 571 1150 Dicendum,
594 1120 667 1157 quod
684 1120 813 1156 Magister
834 1119 904 1148 bene
926 1127 966 1148 re-

122 1167 251 1204 spondet,
283 1167 348 1204 quia
380 1167 448 1195 haec
479 1167 647 1204 praepositio
679 1166 711 1194 in
741 1169 817 1194 notat
839 1166 965 1194 diversas

120 1213 306 1242 habitudines.
328 1213 411 1242 Aliter
432 1213 506 1242 enim
521 1213 623 1241 dicitur
640 1213 717 1241 Pater
739 1212 766 1240 in
788 1212 863 1246 Filio,
885 1212 965 1241 aliter

121 1259 272 1296 paternitas
293 1259 320 1288 in
343 1260 430 1288 Patre.
460 1260 538 1288 Pater
560 1259 633 1288 enim
656 1259 684 1287 in
705 1259 771 1287 Filio
786 1267 846 1287 esse
862 1259 964 1287 dicitur

120 1314 174 1335 non
196 1307 267 1335 sicut
288 1306 445 1343 proprietas
476 1306 646 1340 distinctiva,
672 1306 720 1334 sed
752 1306 824 1334 sicut
844 1313 964 1342 persona

121 1353 380 1387 consubstantialis3
402 1353 553 1390 paternitas
574 1353 600 1381 in
625 1353 718 1387 Patre,
741 1353 813 1381 sicut
841 1353 964 1390 proprie-

121 1404 162 1429 tas
183 1400 348 1429 distinctiva.
372 1400 414 1429 Sic
436 1400 495 1428 vull
512 1400 604 1429 dicere
628 1400 764 1437 Magister,
786 1400 861 1437 quod
883 1400 963 1429 aliter

120 1449 185 1476 sunt
213 1447 270 1476 sive
302 1447 435 1476 dicuntur
465 1454 525 1475 esse
560 1447 745 1484 proprietates
777 1447 804 1475 in
839 1447 963 1475 essentia

119 1501 202 1531 quam
234 1494 261 1522 in
290 1502 427 1530 persona.
449 1493 517 1521 Nam
540 1494 566 1521 in
598 1493 722 1521 essentia
744 1493 876 1522 dicuntur
902 1501 962 1522 esse

119 1543 233 1577 propter
254 1540 439 1574 identitatem,
461 1540 498 1568 ita
519 1540 593 1577 quod
616 1540 647 1567 in
668 1540 780 1568 omnino
802 1540 868 1569 dicit
889 1540 963 1569 iden-

120 1587 242 1621 titatem3
257 1587 284 1614 in
302 1586 437 1623 personis
459 1586 592 1615 dicuntur
613 1593 688 1620 esse,
705 1586 776 1615 sicut
797 1594 879 1615 verae
902 1595 963 1623 pro-

118 1633 250 1670 prietates
272 1633 299 1661 in
328 1633 524 1669 hypostasibus
555 1636 581 1661 et
602 1633 847 1661 determinationes
868 1633 897 1661 in
918 1633 962 1662 de-

119 1680 280 1709 terminatis.
304 1679 331 1708 ln
354 1679 502 1708 creaturis
523 1682 615 1708 autem
639 1688 693 1708 non
715 1682 757 1708 est
772 1688 845 1708 uuus
860 1680 961 1708 modus

119 1727 177 1756 sine
191 1727 258 1761 alio,
273 1727 338 1764 quia
360 1727 515 1764 proprietas
537 1735 589 1755 non
612 1727 725 1755 omnino
740 1727 813 1755 idem
834 1730 875 1755 est
896 1734 960 1755 cum

118 1782 150 1802 eo
170 1774 251 1803 cuius
272 1776 314 1802 est
345 1773 515 1810 proprietas:
548 1776 574 1802 et
596 1774 658 1802 ideo
688 1774 714 1801 in
737 1774 875 1803 creaturis
907 1782 959 1802 non

120 1820 222 1849 dicitur
252 1828 312 1849 esse
345 1820 501 1857 proprietas
534 1821 561 1848 in
593 1820 699 1857 aliquo,
732 1820 783 1849 nisi
813 1821 840 1849 in
862 1829 894 1849 eo
916 1821 959 1850 cui

118 1867 258 1901 inhaeret3
281 1875 336 1895 non
357 1867 395 1896 sic
416 1867 444 1895 in
466 1867 566 1895 divinis
577 1867 594 1894 ³.

470 1945 536 1973 Due.
560 1945 599 1972 III.

197 2031 262 2059 Item
288 2031 433 2067 quaeritur
466 2030 500 2059 de
529 2030 582 2058 alia
614 2031 793 2067 responsione
822 2031 959 2068 Magistri,

118 2086 202 2115 quam
225 2078 288 2106 facit
310 2078 360 2105 ihi:
387 2078 549 2114 Respondeo
574 2081 599 2106 et
627 2077 673 2106 liic
703 2078 755 2106 ttbt
782 2087 848 2106 eiam.
880 2079 960 2107 Hila-

117 2124 163 2152 rz'o
174 2127 223 2153 etc.
237 2124 352 2153 Videtur
371 2124 444 2152 enim
460 2124 561 2152 falsum
577 2124 651 2161 quod
668 2124 742 2159 dicit,
758 2125 832 2161 quod
848 2125 959 2153 solutio-

118 2179 181 2200 nem
197 2171 276 2199 istins
292 2171 462 2207 quaestionis
477 2171 639 2207 Archangeli
655 2171 789 2199 nesciunt.
805 2171 873 2199 Cum
885 2172 959 2200 enini

117 2218 171 2246 sint
209 2218 468 2254 comprehensores,
502 2220 609 2246 constat
639 2217 714 2254 quod
747 2218 839 2245 omnia
864 2226 960 2254 cogno-

118 2267 206 2296 scunt,
228 2271 299 2301 quae
320 2267 385 2292 sunt
406 2264 440 2292 de
462 2264 616 2292 substantia
637 2264 752 2300 gloriae:
776 2272 842 2301 ergo
864 2273 961 2301 cogno-

118 2314 198 2340 scunt
218 2311 422 2339 distinctionem
446 2318 630 2347 personarum
662 2314 688 2339 et
716 2312 852 2340 essentiae
874 2313 961 2340 unita-

119 2360 173 2386 tem
205 2362 231 2386 et
260 2350 390 2386 modu'm:
423 2366 489 2395 ergo
523 2358 631 2392 vident,
663 2366 751 2395 quare
776 2359 960 2395 proprietates

117 2404 302 2433 determinant
324 2404 509 2440 hypostasim,
532 2413 585 2432 non
606 2405 763 2433 essentiam.
792 2405 821 2433 Et
842 2405 959 2439 iteruin,

117 2451 138 2480 si
161 2452 371 2488 comprehensio
393 2452 445 2480 erit
457 2451 464 2465 ·¹
496 2451 531 2479 de
561 2451 663 2488 quihus
694 2454 736 2480 est
766 2452 847 2479 modo
875 2452 959 2486 sides3

1813 143 1864 170 581

1026 214 1052 239 et
1073 219 1123 240 nos
1146 213 1228 240 modo
1256 213 1311 243 fide
1341 218 1481 244 tenemus:
1504 224 1570 253 ergo
1598 217 1625 244 in
1655 218 1745 253 patria
1772 226 1868 255 cogne-

1026 266 1145 287 scemus.

1104 306 1278 335 Rasronnno:
1302 308 1468 343 Dicendum,
1500 310 1588 346 quod,
1621 311 1692 339 sicut
1723 311 1788 339 dIcit
1820 312 1868 340 Au-

1025 352 1154 387 gustinus
1185 353 1219 381 de
1252 354 1416 383 Trinitate⁵:
1454 356 1553 385 «Sicut
1577 357 1655 386 fovea
1683 358 1785 386 dicitur
1806 366 1866 387 esse

1025 405 1120 431 caeca,
1152 406 1205 426 non
1238 400 1303 436 quia
1336 400 1394 437 ipsa
1425 409 1479 429 non
1502 403 1608 437 videat,
1631 404 1679 432 sed
1706 405 1771 441 quia
1792 405 1866 441 quod

1025 444 1107 473 habet
1129 453 1182 473 non
1205 447 1324 475 ostendit
1344 447 1405 475 aliis
1416 459 1443 480 »;
1466 448 1503 477 sic
1525 450 1618 486 Angeli
1641 450 1772 479 dicuntur
1795 451 1868 488 igno-

1025 498 1087 519 rare
1109 495 1135 519 et
1157 492 1245 520 Sancti
1262 497 1376 530 propter
1397 494 1464 528 hoc,
1487 495 1560 531 quod
1577 504 1631 524 non
1647 497 1771 525 revelant
1786 498 1865 532 talia,

1025 537 1073 565 sed
1106 538 1192 574 magis
1224 538 1422 575 intelligibilia,
1454 545 1481 569 et
1502 541 1567 578 quia
1598 542 1663 570 talia
1688 551 1742 571 non
1764 544 1867 573 habent

1025 582 1114 612 simile
1136 583 1162 611 in
1184 588 1328 619 creatura,
1351 586 1435 614 immo
1457 588 1545 624 inagis
1568 588 1716 618 dissimile:
1740 590 1801 619 ideo
1829 591 1867 619 di-

1024 633 1127 658 cuntur
1141 631 1219 659 nohis
1236 631 1533 669 incompreliei‘isiliilia.
1558 635 1587 663 Et
1603 639 1726 664 removet
1748 637 1867 665 Hilarius

1025 677 1159 714 triplicem
1193 679 1393 715 cognitionem,
1427 688 1510 716 quam
1544 681 1680 710 habemus
1711 683 1745 711 de
1780 683 1866 712 rebus

1024 723 1139 752 divinis:
1162 732 1218 752 una
1239 728 1280 752 est
1301 733 1351 762 per
1373 726 1553 763 Angyelorztm
1576 728 1790 763 revelationem,
1813 730 1866 758 alia

1025 778 1073 806 per
1106 770 1321 807 Prophetarum
1353 772 1586 805 illuslrationem,
1619 775 1700 803 tertia
1722 784 1771 812 per
1793 776 1867 813 Apo-

1023 817 1162 845 stolorum
1185 818 1429 855 praedicationem.
1453 820 1483 848 Et
1505 820 1586 855 dicit,
1612 822 1727 858 Angelos
1744 832 1800 851 non
1815 832 1865 851 att-

1023 864 1103 898 (ἰὼ-θ,
1125 865 1191 901 quia
1216 865 1266 902 ipsi
1298 866 1435 902 recipiunt
1457 868 1654 897 revelationem
1676 877 1689 896 a
1714 870 1866 899 maioribus

1023 914 1049 939 et
1071 911 1150 940 nobis
1166 920 1219 939 non
1235 912 1399 949 exprimunt
1411 913 1480 941 ⁶.—
1492 914 1619 951 Magister
1636 915 1718 950 igitur
1736 916 1804 945 liene
1826 924 1866 945 re-

1023 958 1152 995 spondet,
1175 959 1345 988 ostendendo
1367 960 1599 989 insufficientiam.
1622 962 1647 990 Si
1680 963 1753 991 enim
1784 971 1866 1000 quae-

1024 1008 1110 1036 ratur,
1126 1013 1177 1041 qua
1184 1013 1213 1033 re
1229 1006 1384 1043 proprietas
1399 1009 1440 1035 est
1455 1007 1481 1035 in
1497 1016 1623 1044 persona
1637 1012 1669 1037 ut
1684 1009 1865 1046 distinguens,

1024 1051 1048 1079 in
1079 1052 1202 1080 essentia
1231 1061 1300 1085 non3
1333 1054 1533 1090 respondetur,
1566 1055 1639 1092 quod
1672 1064 1800 1092 personet
1836 1064 1864 1085 se

1023 1098 1106 1127 hahet
1126 1098 1161 1126 ad
1183 1099 1264 1127 aliam
1288 1104 1314 1128 et
1337 1100 1456 1129 refertur
1478 1104 1503 1129 et
1526 1101 1713 1138 distinguitur.
1732 1103 1761 1130 Et
1776 1103 1797 1131 si
1814 1103 1865 1131 hoc.

1023 1145 1237 1181 respondeatur,
1269 1146 1362 1174 adhuc
1392 1149 1484 1175 manet
1515 1148 1655 1184 quaestio,
1683 1157 1775 1186 (lintre
1806 1157 1866 1186 per-

1022 1199 1088 1219 sona
1110 1191 1246 1223 refertur:
1261 1195 1288 1220 et
1302 1193 1501 1229 respondetur,
1517 1194 1590 1231 quod
1606 1202 1662 1222 una
1677 1198 1718 1223 est
1732 1195 1863 1229 essentia,

1023 1241 1078 1267 tres
1099 1246 1241 1275 personae.
1264 1239 1289 1267 Si
1312 1242 1342 1267 tu
1363 1248 1483 1276 quaeras
1505 1240 1666 1269 huiusmodi
1689 1242 1801 1270 cumino
1829 1242 1865 1270 st-

1022 1284 1102 1318 mite,
1134 1293 1188 1313 non
1220 1285 1359 1320 invenies3
1391 1289 1417 1314 et
1450 1287 1512 1315 ideo
1544 1287 1571 1315 in
1593 1288 1773 1317 fundamento
1799 1289 1863 1318 fidei

1021 1334 1128 1368 oportet
1150 1331 1254 1360 sistere.

1380 1402 1446 1431 DUB.
1470 1403 1511 1432 lv.

1099 1472 1267 1501 Notandum
1288 1481 1374 1510 super
1396 1474 1447 1502 ista
1469 1474 1605 1503 solutione
1620 1475 1756 1512 Magistri,
1778 1484 1862 1513 quam

1020 1520 1096 1556 ponit
1116 1520 1175 1548 hic:
1199 1519 1257 1547 Nos
1278 1524 1376 1548 anteiit
1397 1520 1455 1548 ista
1486 1520 1572 1549 ctlt'ter
1594 1521 1778 1559 intellzssqemlct
1798 1522 1863 1560 fore

1019 1566 1160 1600 (licinius,
1182 1566 1257 1603 quod
1279 1566 1431 1595 locutiones
1454 1567 1537 1601 istae,
1560 1576 1629 1605 quas
1660 1569 1789 1606 proponit
1815 1570 1863 1598 Au-

1019 1613 1173 1650 gustinus⁷,
1205 1613 1309 1642 scilicet
1345 1613 1448 1642 «Pater
1482 1622 1535 1642 non
1563 1622 1595 1643 eo
1617 1618 1658 1643 est
1679 1615 1861 1650 substantia,

1019 1667 1074 1695 quo
1095 1662 1137 1687 est
1159 1659 1274 1688 Pater»
1301 1662 1328 1688 et
1350 1660 1522 1695 consimiles,
1556 1661 1681 1698 duplices
1704 1664 1776 1696 sunt,
1797 1662 1862 1699 quia

1018 1706 1158 1734 ablativus
1186 1706 1317 1743 importat
1345 1706 1539 1736 habitudinem
1572 1707 1598 1736 in
1622 1708 1727 1737 ratione
1746 1707 1862 1746 formae

1018 1753 1075 1781 sive
1097 1761 1197 1782 causae
1218 1753 1358 1787 formalis,
1379 1754 1507 1791 quamvis
1536 1754 1562 1782 in
1585 1754 1685 1783 divinis
1706 1763 1759 1783 non
1782 1756 1862 1784 cadat

1020 1807 1083 1828 vere
1120 1799 1253 1828 habitudo
1289 1807 1389 1828 causae
1421 1804 1557 1837 quantum
1589 1801 1624 1829 ad
1659 1810 1732 1836 reni,
1770 1806 1860 1831 tamen

1018 1849 1153 1884 quantum
1174 1846 1209 1875 ad
1232 1846 1367 1875 rationem
1388 1847 1567 1884 intelligendi.
1591 1848 1679 1877 Potest
1694 1849 1778 1885 igitur
1800 1858 1862 1878 cau-

1018 1893 1112 1921 salitas
1134 1893 1234 1922 cadere
1256 1893 1309 1922 sul]
1329 1894 1490 1930 negatione,
1512 1897 1543 1922 ut
1564 1895 1599 1923 sit
1620 1896 1735 1932 neycttto
1756 1900 2001 1943 eattsct-Ngffitffiau-

1018 1940 1126 1973 litatis‚·
1157 1943 1183 1968 et
1214 1943 1280 1968 tunc
1303 1940 1403 1969 locutio
1435 1944 1476 1969 est
1498 1949 1579 1976 vera,
1602 1945 1628 1970 et
1650 1942 1677 1970 in
1698 1942 1750 1971 hoc
1776 1951 1859 1972 sensu
1896 1936 1900 1942 ‘
1968 1939 1971 1942 ⁴

1018 1987 1116 2023 accipit
1148 1987 1333 2023 Augustinus,
1364 1991 1391 2016 et
1422 1987 1550 2024 Magister
1573 1989 1696 2025 exponit.
1720 1989 1764 2017 Est
1785 1990 1858 2018 enim

1017 2041 1129 2062 sensus:
1153 2041 1206 2061 non
1228 2042 1258 2061 eo
1279 2036 1320 2062 est
1342 2034 1433 2067 Deus,
1456 2042 1512 2071 quo
1540 2035 1635 2068 Palem
1657 2035 1722 2072 quia
1743 2036 1860 2072 paterni-

1019 2083 1071 2109 tate
1092 2082 1133 2108 est
1165 2080 1243 2108 Pater
1275 2083 1406 2117 tanquam
1439 2081 1545 2109 ratione
1566 2081 1675 2110 dicendi
1698 2081 1741 2110 vel
1763 2082 1869 2111 intelli-.

1017 2127 1098 2164 gendi
1110 2138 1117 2161 3
1139 2135 1193 2154 non
1214 2127 1253 2155 sic
1273 2129 1366 2155 autem
1396 2128 1547 2164 paternItas
1579 2131 1621 2156 est
1642 2129 1712 2156 ratio
1733 2128 1858 2165 dicendi,

1017 2174 1107 2210 ipsum
1136 2181 1197 2202 esse
1225 2173 1327 2208 Deum,
1358 2174 1402 2202 vel
1432 2174 1621 2211 intelligendi3
1648 2177 1674 2203 et
1696 2175 1734 2204 sic
1756 2175 1858 2205 locutio

1016 2228 1083 2248 vera
1103 2223 1145 2248 est
1166 2223 1192 2248 et
1214 2220 1283 2248 nihil
1304 2220 1368 2249 facit
1390 2228 1440 2257 pro
1463 2220 1621 2249 Porrelano.
1644 2221 1734 2250 Potest
1756 2221 1856 2250 iterum

1017 2274 1076 2295 esse
1098 2266 1261 2295 ectusatttcts
1282 2267 1464 2304 Ἰὶιι][,](ιίίἶοηι”.ς;
1486 2270 1512 2295 et
1528 2271 1593 2296 tunc
1608 2271 1650 2296 est
1671 2265 1754 2303 falsa,
1777 2272 1803 2297 et
1818 2273 1859 2298 est
1879 2274 1981 2310 effusam&

1017 2321 1127 2343 sensus:
1150 2322 1202 2341 non
1225 2321 1257 2342 eo
1278 2318 1318 2342 est
1340 2314 1413 2342 Deus
1429 2323 1484 2351 quo
1507 2315 1600 2349 Pater,
1622 2315 1649 2343 id
1665 2319 1705 2343 est
1721 2319 1855 2352 quantum
1868 2300 1978 2321 mmmm*

1017 2360 1052 2388 ad
1074 2359 1142 2388 illud
1165 2360 1239 2396 quod
1261 2364 1302 2387 est
1323 2360 1430 2393 Pater,
1452 2369 1506 2388 non
1528 2365 1567 2389 est
1591 2361 1685 2394 Deu.5;
1706 2365 1733 2390 et
1755 2362 1782 2389 in
1805 2362 1856 2391 hoc

1017 2414 1098 2435 seusu
1121 2407 1220 2442 accipit
1242 2406 1423 2437 Porretanus.
1439 2410 1465 2435 et
1481 2407 1518 2435 ita
1532 2410 1573 2436 est
1589 2407 1676 2436 salsus
1691 2409 1855 2444 intellectus,

1017 2455 1044 2481 et
1065 2452 1103 2480 sic
1125 2460 1179 2480 non
1201 2453 1299 2489 accipit
1320 2453 1489 2489 Augustinus
1500 2453 1517 2480 ⁸.

180 2590 186 2604 ¹
205 2591 291 2618 Supple
308 2597 361 2613 cum
378 2591 428 2613 cod,
447 2591 464 2613 Ο
482 2591 602 2621 Magytster.

179 2629 189 2643 2
205 2629 255 2651 Vat.
273 2635 325 2651 cum
342 2629 448 2657 pluribus
465 2630 532 2652 codd.
550 2633 571 2652 ct
588 2630 640 2653 cdd.
658 2630 826 2659 indicativam,
844 2631 884 2653 scd
908 2637 959 2659 per-

116 2674 208 2696 peram⁷
226 2671 251 2690 ut
266 2669 334 2691 etiam
352 2675 378 2690 ex
396 2669 521 2696 Richardo⁷
541 2670 576 2691 hic
602 2670 661 2691 cirea
679 2669 709 2692 lit.
728 2673 830 2697 apparet.
856 2670 888 2692 De
915 2671 959 2692 hoe

117 2706 188 2729 dnbio
206 2707 245 2729 cfr.
264 2713 333 2735 supra
351 2714 372 2736 q.
391 2708 412 2729 ἱ).

178 2745 188 2760 3
205 2746 269 2768 Plura
296 2746 324 2768 do
355 2747 397 2768 hoc
423 2746 525 2768 invenies
547 2752 618 2774 supra
640 2753 662 2775 q.
691 2748 706 2768 l.
733 2749 754 2769 ot
776 2748 796 2768 2.
819 2746 864 2769 Csr.
889 2748 957 2769 etiam

117 2784 138 2806 S.
156 2785 238 2806 Tuom.
256 2787 277 2807 ot
294 2785 408 2813 Richard„
426 2785 462 2807 liic
479 2787 539 2807 circa
557 2786 586 2808 lit.

179 2822 187 2837 ⁴
205 2823 259 2845 (lod.
278 2823 296 2845 T
313 2825 352 2846 est.

178 2862 187 2876 ⁵
204 2862 264 2884 Libr.
283 2863 296 2884 Ι.
314 2869 332 2884 c.
356 2863 388 2884 12.
407 2869 427 2884 n.
447 2863 491 2885 23:
509 2864 539 2885 Eo
557 2869 657 2892 numque
676 2870 760 2889 gruere
778 2864 898 2886 locutionis
921 2870 957 2885 ne-

116 2901 173 2922 scire
196 2902 293 2930 quisque
319 2901 401 2923 dicitur
418 2902 480 2930 quod
498 2902 606 2929 occultat,
624 2908 670 2931 quo
696 2902 779 2925 dicitur
803 2902 862 2925 fossa
889 2908 956 2924 caeca

1015 2599 1074 2621 quac
1091 2593 1177 2615 occulta
1196 2596 1235 2615 est.
1253 2605 1284 2609 -—
1301 2593 1349 2615 Mox
1367 2594 1418 2615 voci
1435 2592 1519 2616 Sancti·
1534 2594 1612 2622 plures
1627 2594 1694 2617 codd.
1707 2597 1732 2617 ut
1744 2595 1779 2617 IX
1790 2601 1816 2617 aa
1826 2595 1857 2617 hl]

1015 2630 1145 2658 pravugunt
1161 2630 1209 2653 alii.

1076 2669 1086 2683 ὃ
1103 2669 1157 2691 (jod.
1176 2670 1191 2691 B
1208 2670 1291 2691 clarius
1308 2671 1352 2692 sic:
1370 2669 1426 2700 quia
1440 2670 1492 2693 ticet
1502 2670 1548 2700 ipsi
1559 2671 1673 2700 recipiant
1690 2671 1858 2695 ›erelaiionem

1014 2714 1028 2729 (t
1046 2707 1187 2735 maioribus,
1207 2709 1285 2730 tamen
1302 2707 1368 2731 nobis
1384 2715 1431 2731 mm
1451 2709 1596 2738 earprz'mnnl.
1615 2710 1657 2731 Pro
1670 2709 1726 2739 quia
1738 2710 1782 2739 ipsi
1793 2711 1829 2733 ed.
1848 2712 1852 2733 1

1014 2748 1131 2776 {sitantum
1156 2746 1206 2776 ipsi.
1232 2748 1287 2769 Ante
1312 2747 1452 2777 emm-imant
1473 2754 1517 2770 nou
1541 2749 1607 2776 pauci
1631 2748 1697 2771 codd.
1722 2755 1775 2771 cum
1803 2750 1856 2772 cdd.

1015 2786 1034 2811 2,
1054 2786 1074 2812 2,
1093 2785 1113 2810 t,
1132 2785 1152 2812 ὃ,
1172 2786 1184 2807 6
1203 2786 1258 2807 salso
1276 2787 1382 2809 omittunt
1398 2792 1453 2809 non.

1076 2825 1085 2839 ⁷
1094 2825 1193 2846 Videliic
1203 2825 1232 2846 lit.
1243 2825 1349 2853 Magistri,
1360 2832 1378 2848 c.
1390 2827 1410 2854 2,
1419 2829 1441 2848 ot
1450 2827 1471 2848 in
1482 2826 1608 2849 Comment.
1619 2833 1639 2855 q.
1649 2827 1668 2848 2.
1677 2833 1725 2855 arg.
1738 2827 1757 2849 i.
1765 2827 1794 2849 ad
1801 2834 1855 2856 opp.

1075 2863 1084 2878 ⁸
1102 2864 1149 2886 Iloc
1165 2863 1263 2885 dubium
1281 2864 1372 2886 solvunt
1383 2866 1451 2887 otiam
1464 2865 1487 2886 B.
1500 2864 1592 2890 Athen„
1611 2866 1646 2887 liic
1659 2872 1678 2887 a.
1691 2866 1716 2891 9:
1737 2867 1759 2887 S.
1773 2866 1855 2888 Thom.

1013 2905 1034 2924 et
1052 2902 1166 2929 ltu-hard,
1184 2903 1220 2924 liic
1238 2903 1297 2924 circa
1315 2903 1344 2924 lit.
