<?xml version="1.0" encoding="UTF-8"?>
<!DOCTYPE html PUBLIC "-//W3C//DTD XHTML 1.0 Transitional//EN"
    "http://www.w3.org/TR/xhtml1/DTD/xhtml1-transitional.dtd">
<html xmlns="http://www.w3.org/1999/xhtml" xml:lang="en" lang="en">
 <head>
  <title>
</title>
<meta http-equiv="Content-Type" content="text/html;charset=utf-8" />
  <meta name='ocr-system' content='tesseract 3.04.00' />
  <meta name='ocr-capabilities' content='ocr_page ocr_carea ocr_par ocr_line ocrx_word'/>
</head>
<body>
  <div class='ocr_page' id='page_1' title='image "./doctorisseraphic12bona_0168.png"; bbox 0 0 2215 3404; ppageno 0'>
   <div class='ocr_carea' id='block_1_1' title="bbox 197 528 325 593">
    <p class='ocr_par' dir='ltr' id='par_1_1' title="bbox 197 528 325 593">
     <span class='ocr_line' id='line_1_1' title="bbox 222 528 324 548; baseline 0.02 -2"><span class='ocrx_word' id='word_1_1' title='bbox 222 528 313 546; x_wconf 77' lang='lat' dir='ltr'>Probatur</span> <span class='ocrx_word' id='word_1_2' title='bbox 320 542 324 548; x_wconf 79' lang='lat'>.</span> 
     </span>
     <span class='ocr_line' id='line_1_2' title="bbox 198 551 325 574; baseline 0 -5"><span class='ocrx_word' id='word_1_3' title='bbox 198 551 247 574; x_wconf 86' lang='lat' dir='ltr'>quod</span> <span class='ocrx_word' id='word_1_4' title='bbox 257 553 285 569; x_wconf 83' lang='lat' dir='ltr'>est</span> <span class='ocrx_word' id='word_1_5' title='bbox 298 551 325 569; x_wconf 67' lang='grc'>1111</span> 
     </span>
     <span class='ocr_line' id='line_1_3' title="bbox 197 575 291 593; baseline -0.011 0"><span class='ocrx_word' id='word_1_6' title='bbox 197 575 291 593; x_wconf 78' lang='lat' dir='ltr'>accidens.</span> 
     </span>
    </p>
   </div>
   <div class='ocr_carea' id='block_1_2' title="bbox 198 1087 333 1151">
    <p class='ocr_par' dir='ltr' id='par_1_2' title="bbox 198 1087 333 1151">
     <span class='ocr_line' id='line_1_4' title="bbox 198 1087 331 1109; baseline 0 -5"><span class='ocrx_word' id='word_1_7' title='bbox 198 1087 272 1109; x_wconf 86' lang='lat' dir='ltr'>Triplex</span> <span class='ocrx_word' id='word_1_8' title='bbox 279 1091 331 1109; x_wconf 79' lang='lat' dir='ltr'>prae-</span> 
     </span>
     <span class='ocr_line' id='line_1_5' title="bbox 210 1110 330 1132; baseline 0 -5"><span class='ocrx_word' id='word_1_9' title='bbox 210 1110 279 1128; x_wconf 80' lang='lat' dir='ltr'>dicatio</span> <span class='ocrx_word' id='word_1_10' title='bbox 297 1115 330 1132; x_wconf 83' lang='lat' dir='ltr'>pei·</span> 
     </span>
     <span class='ocr_line' id='line_1_6' title="bbox 210 1133 333 1151; baseline -0.008 0"><span class='ocrx_word' id='word_1_11' title='bbox 210 1133 333 1151; x_wconf 77' lang='lat' dir='ltr'>identitatem.</span> 
     </span>
    </p>
   </div>
   <div class='ocr_carea' id='block_1_3' title="bbox 343 165 399 193">
    <p class='ocr_par' dir='ltr' id='par_1_3' title="bbox 343 165 399 193">
     <span class='ocr_line' id='line_1_7' title="bbox 343 165 399 193; baseline 0 0"><span class='ocrx_word' id='word_1_12' title='bbox 343 165 399 193; x_wconf 74' lang='lat'>578</span> 
     </span>
    </p>
   </div>
   <div class='ocr_carea' id='block_1_4' title="bbox 338 240 1187 1304">
    <p class='ocr_par' dir='ltr' id='par_1_4' title="bbox 338 240 1183 465">
     <span class='ocr_line' id='line_1_8' title="bbox 338 240 1180 278; baseline -0.002 -9"><span class='ocrx_word' id='word_1_13' title='bbox 338 242 474 278; x_wconf 81' lang='lat' dir='ltr'>Quoniam</span> <span class='ocrx_word' id='word_1_14' title='bbox 498 241 582 278; x_wconf 74' lang='lat' dir='ltr'>igitur</span> <span class='ocrx_word' id='word_1_15' title='bbox 598 241 745 269; x_wconf 72' lang='lat' dir='ltr'>relationes</span> <span class='ocrx_word' id='word_1_16' title='bbox 761 241 888 269; x_wconf 79' lang='lat' dir='ltr'>diversae</span> <span class='ocrx_word' id='word_1_17' title='bbox 904 240 930 268; x_wconf 89' lang='grc'>10</span> <span class='ocrx_word' id='word_1_18' title='bbox 946 240 1044 268; x_wconf 84' lang='lat' dir='ltr'>eadem</span> <span class='ocrx_word' id='word_1_19' title='bbox 1065 248 1180 277; x_wconf 89' lang='lat' dir='ltr'>persona</span> 
     </span>
     <span class='ocr_line' id='line_1_9' title="bbox 339 286 1183 323; baseline -0.002 -7"><span class='ocrx_word' id='word_1_20' title='bbox 339 296 392 316; x_wconf 90' lang='lat' dir='ltr'>non</span> <span class='ocrx_word' id='word_1_21' title='bbox 415 291 480 316; x_wconf 82' lang='lat' dir='ltr'>sunt</span> <span class='ocrx_word' id='word_1_22' title='bbox 501 288 536 316; x_wconf 89' lang='lat' dir='ltr'>ad</span> <span class='ocrx_word' id='word_1_23' title='bbox 559 288 631 316; x_wconf 84' lang='lat' dir='ltr'>idem</span> <span class='ocrx_word' id='word_1_24' title='bbox 653 288 711 316; x_wconf 87' lang='lat' dir='ltr'>sive</span> <span class='ocrx_word' id='word_1_25' title='bbox 733 287 768 315; x_wconf 91' lang='lat' dir='ltr'>ad</span> <span class='ocrx_word' id='word_1_26' title='bbox 791 287 925 320; x_wconf 71' lang='lat' dir='ltr'>eundem,</span> <span class='ocrx_word' id='word_1_27' title='bbox 947 287 1009 316; x_wconf 87' lang='lat' dir='ltr'>ideo</span> <span class='ocrx_word' id='word_1_28' title='bbox 1025 295 1077 315; x_wconf 89' lang='lat' dir='ltr'>non</span> <span class='ocrx_word' id='word_1_29' title='bbox 1093 286 1183 323; x_wconf 86' lang='lat' dir='ltr'>sequi-</span> 
     </span>
     <span class='ocr_line' id='line_1_10' title="bbox 340 333 1183 371; baseline -0.004 -8"><span class='ocrx_word' id='word_1_30' title='bbox 340 338 395 364; x_wconf 76' lang='lat' dir='ltr'>tur.</span> <span class='ocrx_word' id='word_1_31' title='bbox 417 335 514 371; x_wconf 88' lang='lat' dir='ltr'>quodsi</span> <span class='ocrx_word' id='word_1_32' title='bbox 535 334 701 362; x_wconf 83' lang='lat' dir='ltr'>conveniant</span> <span class='ocrx_word' id='word_1_33' title='bbox 723 334 749 361; x_wconf 91' lang='grc'>10</span> <span class='ocrx_word' id='word_1_34' title='bbox 779 334 936 370; x_wconf 79' lang='lat' dir='ltr'>supposito,</span> <span class='ocrx_word' id='word_1_35' title='bbox 965 333 1039 370; x_wconf 88' lang='lat' dir='ltr'>quod</span> <span class='ocrx_word' id='word_1_36' title='bbox 1068 335 1183 370; x_wconf 88' lang='lat' dir='ltr'>propter</span> 
     </span>
     <span class='ocr_line' id='line_1_11' title="bbox 340 378 1183 417; baseline -0.002 -8"><span class='ocrx_word' id='word_1_37' title='bbox 340 381 391 409; x_wconf 83' lang='lat' dir='ltr'>hoe</span> <span class='ocrx_word' id='word_1_38' title='bbox 412 381 577 409; x_wconf 71' lang='lat' dir='ltr'>conveniant</span> <span class='ocrx_word' id='word_1_39' title='bbox 599 381 670 409; x_wconf 85' lang='lat' dir='ltr'>inter</span> <span class='ocrx_word' id='word_1_40' title='bbox 691 389 728 409; x_wconf 86' lang='lat' dir='ltr'>se.</span> <span class='ocrx_word' id='word_1_41' title='bbox 753 381 781 408; x_wconf 88' lang='lat' dir='ltr'>Et</span> <span class='ocrx_word' id='word_1_42' title='bbox 804 380 842 409; x_wconf 72' lang='lat' dir='ltr'>sie</span> <span class='ocrx_word' id='word_1_43' title='bbox 864 383 947 417; x_wconf 79' lang='lat' dir='ltr'>patet,</span> <span class='ocrx_word' id='word_1_44' title='bbox 968 380 1042 416; x_wconf 87' lang='lat' dir='ltr'>quod</span> <span class='ocrx_word' id='word_1_45' title='bbox 1065 387 1115 408; x_wconf 82' lang='lat' dir='ltr'>nec</span> <span class='ocrx_word' id='word_1_46' title='bbox 1129 378 1183 416; x_wconf 70' lang='lat' dir='ltr'>syl-</span> 
     </span>
     <span class='ocr_line' id='line_1_12' title="bbox 339 426 910 465; baseline -0.002 -10"><span class='ocrx_word' id='word_1_47' title='bbox 339 427 480 465; x_wconf 67' lang='lat' dir='ltr'>logyismus</span> <span class='ocrx_word' id='word_1_48' title='bbox 502 435 551 456; x_wconf 89' lang='lat' dir='ltr'>nec</span> <span class='ocrx_word' id='word_1_49' title='bbox 570 427 753 464; x_wconf 71' lang='lat' dir='ltr'>princepium</span> <span class='ocrx_word' id='word_1_50' title='bbox 774 426 910 454; x_wconf 76' lang='lat' dir='ltr'>convenit.</span> 
     </span>
    </p>

    <p class='ocr_par' dir='ltr' id='par_1_5' title="bbox 338 472 1185 977">
     <span class='ocr_line' id='line_1_13' title="bbox 418 472 1184 511; baseline -0.004 -9"><span class='ocrx_word' id='word_1_51' title='bbox 418 474 455 503; x_wconf 62' lang='lat' dir='ltr'>:id</span> <span class='ocrx_word' id='word_1_52' title='bbox 478 474 547 502; x_wconf 90' lang='lat' dir='ltr'>illud</span> <span class='ocrx_word' id='word_1_53' title='bbox 576 474 651 511; x_wconf 90' lang='lat' dir='ltr'>quod</span> <span class='ocrx_word' id='word_1_54' title='bbox 679 474 828 503; x_wconf 87' lang='lat' dir='ltr'>obiicitur.</span> <span class='ocrx_word' id='word_1_55' title='bbox 849 473 924 510; x_wconf 89' lang='lat' dir='ltr'>quod</span> <span class='ocrx_word' id='word_1_56' title='bbox 948 482 999 501; x_wconf 76' lang='lat' dir='ltr'>iton</span> <span class='ocrx_word' id='word_1_57' title='bbox 1022 476 1063 501; x_wconf 84' lang='lat' dir='ltr'>est</span> <span class='ocrx_word' id='word_1_58' title='bbox 1084 472 1120 500; x_wconf 91' lang='lat' dir='ltr'>ibi</span> <span class='ocrx_word' id='word_1_59' title='bbox 1142 480 1184 500; x_wconf 80' lang='lat' dir='ltr'>ae-</span> 
     </span>
     <span class='ocr_line' id='line_1_14' title="bbox 338 519 1182 556; baseline -0.004 -7"><span class='ocrx_word' id='word_1_60' title='bbox 338 521 453 553; x_wconf 85' lang='lat' dir='ltr'>cidens;</span> <span class='ocrx_word' id='word_1_61' title='bbox 485 520 654 554; x_wconf 78' lang='lat' dir='ltr'>dicendum,</span> <span class='ocrx_word' id='word_1_62' title='bbox 686 520 761 556; x_wconf 84' lang='lat' dir='ltr'>quod</span> <span class='ocrx_word' id='word_1_63' title='bbox 791 519 917 556; x_wconf 68' lang='lat' dir='ltr'>fallat-iu.</span> <span class='ocrx_word' id='word_1_64' title='bbox 942 519 1101 547; x_wconf 64' lang='lat' dir='ltr'>(occidentis</span> <span class='ocrx_word' id='word_1_65' title='bbox 1128 526 1182 546; x_wconf 90' lang='grc'>000</span> 
     </span>
     <span class='ocr_line' id='line_1_15' title="bbox 338 565 1185 604; baseline -0.004 -8"><span class='ocrx_word' id='word_1_66' title='bbox 338 568 429 597; x_wconf 88' lang='lat' dir='ltr'>solum</span> <span class='ocrx_word' id='word_1_67' title='bbox 451 568 604 596; x_wconf 83' lang='lat' dir='ltr'>attenditur</span> <span class='ocrx_word' id='word_1_68' title='bbox 626 570 762 604; x_wconf 86' lang='lat' dir='ltr'>quantum</span> <span class='ocrx_word' id='word_1_69' title='bbox 791 567 826 595; x_wconf 89' lang='lat' dir='ltr'>ad</span> <span class='ocrx_word' id='word_1_70' title='bbox 847 566 1039 603; x_wconf 59' lang='lat' dir='ltr'>praedit‘atnm</span> <span class='ocrx_word' id='word_1_71' title='bbox 1061 565 1185 593; x_wconf 77' lang='lat' dir='ltr'>acciden-</span> 
     </span>
     <span class='ocr_line' id='line_1_16' title="bbox 339 611 1181 650; baseline -0.005 -7"><span class='ocrx_word' id='word_1_72' title='bbox 339 615 408 648; x_wconf 77' lang='lat' dir='ltr'>tale,</span> <span class='ocrx_word' id='word_1_73' title='bbox 440 614 488 642; x_wconf 87' lang='lat' dir='ltr'>sed</span> <span class='ocrx_word' id='word_1_74' title='bbox 521 614 604 642; x_wconf 83' lang='lat' dir='ltr'>etiam</span> <span class='ocrx_word' id='word_1_75' title='bbox 626 614 779 642; x_wconf 88' lang='lat' dir='ltr'>attenditur</span> <span class='ocrx_word' id='word_1_76' title='bbox 810 616 946 650; x_wconf 89' lang='lat' dir='ltr'>quantum</span> <span class='ocrx_word' id='word_1_77' title='bbox 968 612 1003 641; x_wconf 89' lang='lat' dir='ltr'>ad</span> <span class='ocrx_word' id='word_1_78' title='bbox 1031 611 1181 648; x_wconf 85' lang='lat' dir='ltr'>principii¹</span> 
     </span>
     <span class='ocr_line' id='line_1_17' title="bbox 338 659 1185 697; baseline -0.004 -8"><span class='ocrx_word' id='word_1_79' title='bbox 338 661 534 694; x_wconf 77' lang='lat' dir='ltr'>variationem,</span> <span class='ocrx_word' id='word_1_80' title='bbox 557 661 594 689; x_wconf 82' lang='lat' dir='ltr'>ita</span> <span class='ocrx_word' id='word_1_81' title='bbox 615 661 690 697; x_wconf 87' lang='lat' dir='ltr'>quod</span> <span class='ocrx_word' id='word_1_82' title='bbox 712 661 740 688; x_wconf 87' lang='lat' dir='ltr'>in</span> <span class='ocrx_word' id='word_1_83' title='bbox 768 669 824 688; x_wconf 88' lang='lat' dir='ltr'>una</span> <span class='ocrx_word' id='word_1_84' title='bbox 850 660 908 688; x_wconf 83' lang='lat' dir='ltr'>sola</span> <span class='ocrx_word' id='word_1_85' title='bbox 936 659 1095 696; x_wconf 73' lang='lat' dir='ltr'>acceptione</span> <span class='ocrx_word' id='word_1_86' title='bbox 1123 667 1185 687; x_wconf 85' lang='grc'>0011-</span> 
     </span>
     <span class='ocr_line' id='line_1_18' title="bbox 340 705 1183 742; baseline -0.004 -7"><span class='ocrx_word' id='word_1_87' title='bbox 340 707 443 740; x_wconf 73' lang='lat' dir='ltr'>veniat,</span> <span class='ocrx_word' id='word_1_88' title='bbox 467 707 492 734; x_wconf 90' lang='grc'>10</span> <span class='ocrx_word' id='word_1_89' title='bbox 515 706 569 735; x_wconf 89' lang='lat' dir='ltr'>alia.</span> <span class='ocrx_word' id='word_1_90' title='bbox 590 707 625 735; x_wconf 86' lang='lat' dir='ltr'>sit</span> <span class='ocrx_word' id='word_1_91' title='bbox 645 710 828 740; x_wconf 84' lang='lat' dir='ltr'>extraneum;</span> <span class='ocrx_word' id='word_1_92' title='bbox 851 707 888 735; x_wconf 83' lang='grc'>510</span> <span class='ocrx_word' id='word_1_93' title='bbox 911 710 952 735; x_wconf 87' lang='grc'>051</span> <span class='ocrx_word' id='word_1_94' title='bbox 978 706 1004 733; x_wconf 93' lang='lat' dir='ltr'>in</span> <span class='ocrx_word' id='word_1_95' title='bbox 1033 705 1183 742; x_wconf 88' lang='lat' dir='ltr'>proposito.</span> 
     </span>
     <span class='ocr_line' id='line_1_19' title="bbox 339 751 1185 790; baseline -0.004 -8"><span class='ocrx_word' id='word_1_96' title='bbox 339 754 407 782; x_wconf 87' lang='lat' dir='ltr'>Nam</span> <span class='ocrx_word' id='word_1_97' title='bbox 429 755 507 782; x_wconf 83' lang='lat' dir='ltr'>Pater</span> <span class='ocrx_word' id='word_1_98' title='bbox 530 754 686 782; x_wconf 80' lang='lat' dir='ltr'>seeundum</span> <span class='ocrx_word' id='word_1_99' title='bbox 708 754 792 782; x_wconf 83' lang='lat' dir='ltr'>aliam</span> <span class='ocrx_word' id='word_1_100' title='bbox 814 753 1051 790; x_wconf 75' lang='lat' dir='ltr'>comparationem</span> <span class='ocrx_word' id='word_1_101' title='bbox 1079 755 1121 780; x_wconf 88' lang='lat' dir='ltr'>est</span> <span class='ocrx_word' id='word_1_102' title='bbox 1147 751 1185 779; x_wconf 91' lang='lat' dir='ltr'>in-</span> 
     </span>
     <span class='ocr_line' id='line_1_20' title="bbox 339 799 1182 837; baseline -0.004 -8"><span class='ocrx_word' id='word_1_103' title='bbox 339 801 520 834; x_wconf 69' lang='lat' dir='ltr'>nascibilitas.</span> <span class='ocrx_word' id='word_1_104' title='bbox 537 801 692 829; x_wconf 88' lang='lat' dir='ltr'>secundum</span> <span class='ocrx_word' id='word_1_105' title='bbox 708 801 790 828; x_wconf 80' lang='lat' dir='ltr'>aliam</span> <span class='ocrx_word' id='word_1_106' title='bbox 803 804 844 829; x_wconf 88' lang='lat' dir='ltr'>est</span> <span class='ocrx_word' id='word_1_107' title='bbox 860 800 1010 837; x_wconf 86' lang='lat' dir='ltr'>paternitas</span> <span class='ocrx_word' id='word_1_108' title='bbox 1022 799 1046 832; x_wconf 68' lang='lat'>23</span> <span class='ocrx_word' id='word_1_109' title='bbox 1063 800 1098 827; x_wconf 82' lang='lat' dir='ltr'>ita</span> <span class='ocrx_word' id='word_1_110' title='bbox 1109 799 1182 836; x_wconf 85' lang='lat' dir='ltr'>quod</span> 
     </span>
     <span class='ocr_line' id='line_1_21' title="bbox 339 845 1184 885; baseline -0.002 -9"><span class='ocrx_word' id='word_1_111' title='bbox 339 848 492 885; x_wconf 87' lang='lat' dir='ltr'>paternitas</span> <span class='ocrx_word' id='word_1_112' title='bbox 513 847 591 875; x_wconf 92' lang='lat' dir='ltr'>nullo</span> <span class='ocrx_word' id='word_1_113' title='bbox 612 847 695 875; x_wconf 91' lang='lat' dir='ltr'>modo</span> <span class='ocrx_word' id='word_1_114' title='bbox 710 846 777 874; x_wconf 80' lang='grc'>111011</span> <span class='ocrx_word' id='word_1_115' title='bbox 792 846 1027 883; x_wconf 74' lang='lat' dir='ltr'>comparationem</span> <span class='ocrx_word' id='word_1_116' title='bbox 1043 845 1078 874; x_wconf 84' lang='lat' dir='ltr'>ad</span> <span class='ocrx_word' id='word_1_117' title='bbox 1094 845 1184 881; x_wconf 86' lang='lat' dir='ltr'>prius.</span> 
     </span>
     <span class='ocr_line' id='line_1_22' title="bbox 340 892 1185 931; baseline -0.005 -8"><span class='ocrx_word' id='word_1_118' title='bbox 340 902 388 923; x_wconf 79' lang='lat' dir='ltr'>nee</span> <span class='ocrx_word' id='word_1_119' title='bbox 411 895 539 931; x_wconf 75' lang='lat' dir='ltr'>positive,</span> <span class='ocrx_word' id='word_1_120' title='bbox 563 902 611 922; x_wconf 77' lang='lat' dir='ltr'>nec</span> <span class='ocrx_word' id='word_1_121' title='bbox 634 894 785 930; x_wconf 81' lang='lat' dir='ltr'>privative.</span> <span class='ocrx_word' id='word_1_122' title='bbox 807 896 943 929; x_wconf 88' lang='lat' dir='ltr'>quantum</span> <span class='ocrx_word' id='word_1_123' title='bbox 967 896 1007 921; x_wconf 85' lang='lat' dir='ltr'>est.</span> <span class='ocrx_word' id='word_1_124' title='bbox 1029 892 1063 921; x_wconf 90' lang='lat' dir='ltr'>de</span> <span class='ocrx_word' id='word_1_125' title='bbox 1079 900 1129 920; x_wconf 86' lang='lat' dir='ltr'>sua</span> <span class='ocrx_word' id='word_1_126' title='bbox 1146 900 1185 919; x_wconf 86' lang='lat' dir='ltr'>ra-</span> 
     </span>
     <span class='ocr_line' id='line_1_23' title="bbox 340 941 727 977; baseline -0.003 -8"><span class='ocrx_word' id='word_1_127' title='bbox 340 941 426 969; x_wconf 89' lang='lat' dir='ltr'>tione:</span> <span class='ocrx_word' id='word_1_128' title='bbox 450 945 476 969; x_wconf 88' lang='lat' dir='ltr'>et</span> <span class='ocrx_word' id='word_1_129' title='bbox 498 941 559 969; x_wconf 87' lang='lat' dir='ltr'>ideo</span> <span class='ocrx_word' id='word_1_130' title='bbox 581 944 655 977; x_wconf 81' lang='lat' dir='ltr'>patet</span> <span class='ocrx_word' id='word_1_131' title='bbox 677 944 727 969; x_wconf 83' lang='lat' dir='ltr'>etc.</span> 
     </span>
    </p>

    <p class='ocr_par' dir='ltr' id='par_1_6' title="bbox 339 986 1187 1304">
     <span class='ocr_line' id='line_1_24' title="bbox 418 986 1184 1024; baseline -0.004 -8"><span class='ocrx_word' id='word_1_132' title='bbox 418 990 444 1016; x_wconf 68' lang='lat'>2.</span> <span class='ocrx_word' id='word_1_133' title='bbox 467 988 493 1016; x_wconf 79' lang='lat'>3.</span> <span class='ocrx_word' id='word_1_134' title='bbox 516 988 553 1016; x_wconf 64' lang='lat' dir='ltr'>ad</span> <span class='ocrx_word' id='word_1_135' title='bbox 573 987 640 1015; x_wconf 90' lang='grc'>1111111</span> <span class='ocrx_word' id='word_1_136' title='bbox 657 987 732 1024; x_wconf 89' lang='lat' dir='ltr'>quod</span> <span class='ocrx_word' id='word_1_137' title='bbox 752 987 883 1015; x_wconf 72' lang='lat' dir='ltr'>obiicitur</span> <span class='ocrx_word' id='word_1_138' title='bbox 905 993 953 1023; x_wconf 88' lang='lat' dir='ltr'>per</span> <span class='ocrx_word' id='word_1_139' title='bbox 972 986 1184 1014; x_wconf 86' lang='lat' dir='ltr'>similitudinem</span> 
     </span>
     <span class='ocr_line' id='line_1_25' title="bbox 339 1032 1187 1069; baseline -0.004 -6"><span class='ocrx_word' id='word_1_140' title='bbox 339 1035 450 1063; x_wconf 84' lang='lat' dir='ltr'>unionis</span> <span class='ocrx_word' id='word_1_141' title='bbox 471 1035 593 1063; x_wconf 89' lang='lat' dir='ltr'>duorum</span> <span class='ocrx_word' id='word_1_142' title='bbox 617 1035 642 1062; x_wconf 91' lang='lat' dir='ltr'>in</span> <span class='ocrx_word' id='word_1_143' title='bbox 666 1034 761 1063; x_wconf 87' lang='lat' dir='ltr'>tertio.</span> <span class='ocrx_word' id='word_1_144' title='bbox 787 1034 951 1067; x_wconf 70' lang='lat' dir='ltr'>dicendum,</span> <span class='ocrx_word' id='word_1_145' title='bbox 978 1033 1051 1069; x_wconf 90' lang='lat' dir='ltr'>quod</span> <span class='ocrx_word' id='word_1_146' title='bbox 1079 1032 1187 1069; x_wconf 87' lang='lat' dir='ltr'>praedi-</span> 
     </span>
     <span class='ocr_line' id='line_1_26' title="bbox 340 1079 1185 1118; baseline -0.002 -9"><span class='ocrx_word' id='word_1_147' title='bbox 340 1082 411 1110; x_wconf 87' lang='lat' dir='ltr'>catio</span> <span class='ocrx_word' id='word_1_148' title='bbox 432 1090 481 1118; x_wconf 87' lang='lat' dir='ltr'>per</span> <span class='ocrx_word' id='word_1_149' title='bbox 502 1081 673 1109; x_wconf 71' lang='lat' dir='ltr'>identitatem</span> <span class='ocrx_word' id='word_1_150' title='bbox 695 1084 785 1117; x_wconf 88' lang='lat' dir='ltr'>potest</span> <span class='ocrx_word' id='word_1_151' title='bbox 805 1088 865 1108; x_wconf 83' lang='lat' dir='ltr'>esse</span> <span class='ocrx_word' id='word_1_152' title='bbox 896 1079 1055 1116; x_wconf 76' lang='lat' dir='ltr'>tripliciter:</span> <span class='ocrx_word' id='word_1_153' title='bbox 1079 1082 1127 1107; x_wconf 85' lang='grc'>11111</span> <span class='ocrx_word' id='word_1_154' title='bbox 1149 1079 1185 1107; x_wconf 88' lang='lat' dir='ltr'>ita.</span> 
     </span>
     <span class='ocr_line' id='line_1_27' title="bbox 340 1126 1186 1165; baseline -0.004 -9"><span class='ocrx_word' id='word_1_155' title='bbox 340 1128 415 1165; x_wconf 89' lang='lat' dir='ltr'>quod</span> <span class='ocrx_word' id='word_1_156' title='bbox 437 1128 560 1156; x_wconf 64' lang='lat' dir='ltr'>essentia</span> <span class='ocrx_word' id='word_1_157' title='bbox 582 1131 760 1164; x_wconf 74' lang='lat' dir='ltr'>comparetur</span> <span class='ocrx_word' id='word_1_158' title='bbox 782 1127 815 1155; x_wconf 92' lang='lat' dir='ltr'>ad</span> <span class='ocrx_word' id='word_1_159' title='bbox 832 1126 1007 1159; x_wconf 66' lang='lat' dir='ltr'>essentiam,</span> <span class='ocrx_word' id='word_1_160' title='bbox 1030 1129 1078 1154; x_wconf 89' lang='lat' dir='ltr'>aut</span> <span class='ocrx_word' id='word_1_161' title='bbox 1097 1134 1186 1153; x_wconf 77' lang='lat' dir='ltr'>esseu-</span> 
     </span>
     <span class='ocr_line' id='line_1_28' title="bbox 341 1172 1187 1210; baseline -0.002 -8"><span class='ocrx_word' id='word_1_162' title='bbox 341 1175 382 1202; x_wconf 79' lang='lat' dir='ltr'>tia</span> <span class='ocrx_word' id='word_1_163' title='bbox 404 1175 438 1202; x_wconf 88' lang='lat' dir='ltr'>ad</span> <span class='ocrx_word' id='word_1_164' title='bbox 459 1174 685 1210; x_wconf 69' lang='lat' dir='ltr'>proprietatem,</span> <span class='ocrx_word' id='word_1_165' title='bbox 712 1177 761 1201; x_wconf 86' lang='lat' dir='ltr'>aut</span> <span class='ocrx_word' id='word_1_166' title='bbox 778 1173 947 1210; x_wconf 74' lang='lat' dir='ltr'>proprietas</span> <span class='ocrx_word' id='word_1_167' title='bbox 968 1173 1002 1201; x_wconf 91' lang='lat' dir='ltr'>ad</span> <span class='ocrx_word' id='word_1_168' title='bbox 1021 1172 1187 1209; x_wconf 75' lang='lat' dir='ltr'>proprieta-</span> 
     </span>
     <span class='ocr_line' id='line_1_29' title="bbox 340 1219 1185 1257; baseline -0.002 -8"><span class='ocrx_word' id='word_1_169' title='bbox 340 1226 401 1249; x_wconf 77' lang='lat' dir='ltr'>tem.</span> <span class='ocrx_word' id='word_1_170' title='bbox 424 1221 540 1257; x_wconf 81' lang='lat' dir='ltr'>Quando</span> <span class='ocrx_word' id='word_1_171' title='bbox 561 1221 646 1257; x_wconf 76' lang='lat' dir='ltr'>igitur</span> <span class='ocrx_word' id='word_1_172' title='bbox 668 1224 707 1249; x_wconf 83' lang='lat' dir='ltr'>est</span> <span class='ocrx_word' id='word_1_173' title='bbox 741 1220 910 1257; x_wconf 76' lang='lat' dir='ltr'>praedicatio</span> <span class='ocrx_word' id='word_1_174' title='bbox 938 1228 987 1256; x_wconf 89' lang='lat' dir='ltr'>per</span> <span class='ocrx_word' id='word_1_175' title='bbox 1013 1219 1185 1248; x_wconf 75' lang='lat' dir='ltr'>identitatem</span> 
     </span>
     <span class='ocr_line' id='line_1_30' title="bbox 339 1266 1186 1304; baseline -0.004 -8"><span class='ocrx_word' id='word_1_176' title='bbox 339 1276 389 1304; x_wconf 88' lang='lat' dir='ltr'>per</span> <span class='ocrx_word' id='word_1_177' title='bbox 411 1267 646 1304; x_wconf 69' lang='lat' dir='ltr'>comparationem</span> <span class='ocrx_word' id='word_1_178' title='bbox 667 1267 806 1295; x_wconf 70' lang='lat' dir='ltr'>esseutiae</span> <span class='ocrx_word' id='word_1_179' title='bbox 826 1267 861 1295; x_wconf 84' lang='lat' dir='ltr'>ad</span> <span class='ocrx_word' id='word_1_180' title='bbox 883 1266 1051 1299; x_wconf 69' lang='lat' dir='ltr'>essentiam,</span> <span class='ocrx_word' id='word_1_181' title='bbox 1075 1269 1186 1293; x_wconf 89' lang='lat' dir='ltr'>notatur</span> 
     </span>
    </p>
   </div>
   <div class='ocr_carea' id='block_1_5' title="bbox 1209 238 1215 1294">
    <p class='ocr_par' dir='ltr' id='par_1_7' title="bbox 1209 238 1215 1294">
     <span class='ocr_line' id='line_1_31' title="bbox 1209 238 1215 1294; baseline 0 0"><span class='ocrx_word' id='word_1_182' title='bbox 1209 238 1215 1294; x_wconf 95' lang='lat' dir='ltr'> </span> 
     </span>
    </p>
   </div>
   <div class='ocr_carea' id='block_1_6' title="bbox 1011 162 1385 191">
    <p class='ocr_par' dir='ltr' id='par_1_8' title="bbox 1011 162 1385 191">
     <span class='ocr_line' id='line_1_32' title="bbox 1011 162 1385 191; baseline -0.005 0"><span class='ocrx_word' id='word_1_183' title='bbox 1011 162 1263 191; x_wconf 62' lang='lat' dir='ltr'>sENTENTtARUM</span> <span class='ocrx_word' id='word_1_184' title='bbox 1286 162 1345 190; x_wconf 66' lang='lat' dir='ltr'>tati.</span> <span class='ocrx_word' id='word_1_185' title='bbox 1368 162 1385 190; x_wconf 92' lang='lat' dir='ltr'>l.</span> 
     </span>
    </p>
   </div>
   <div class='ocr_carea' id='block_1_7' title="bbox 1235 239 2089 1303">
    <p class='ocr_par' dir='ltr' id='par_1_9' title="bbox 1235 239 2088 1068">
     <span class='ocr_line' id='line_1_33' title="bbox 1239 239 2084 276; baseline -0.002 -8"><span class='ocrx_word' id='word_1_186' title='bbox 1239 240 1367 268; x_wconf 75' lang='lat' dir='ltr'>identitas</span> <span class='ocrx_word' id='word_1_187' title='bbox 1388 239 1555 272; x_wconf 73' lang='lat' dir='ltr'>essentialis.</span> <span class='ocrx_word' id='word_1_188' title='bbox 1578 242 1608 267; x_wconf 88' lang='lat' dir='ltr'>ut</span> <span class='ocrx_word' id='word_1_189' title='bbox 1629 247 1693 267; x_wconf 85' lang='grc'>011111</span> <span class='ocrx_word' id='word_1_190' title='bbox 1716 239 1833 273; x_wconf 71' lang='lat' dir='ltr'>dicitur,</span> <span class='ocrx_word' id='word_1_191' title='bbox 1860 240 2022 276; x_wconf 78' lang='lat' dir='ltr'>magnitudo</span> <span class='ocrx_word' id='word_1_192' title='bbox 2044 243 2084 268; x_wconf 83' lang='grc'>051</span> 
     </span>
     <span class='ocr_line' id='line_1_34' title="bbox 1239 285 2085 322; baseline 0.001 -8"><span class='ocrx_word' id='word_1_193' title='bbox 1239 286 1354 314; x_wconf 90' lang='lat' dir='ltr'>bonitas.</span> <span class='ocrx_word' id='word_1_194' title='bbox 1377 286 1494 322; x_wconf 80' lang='lat' dir='ltr'>Quando</span> <span class='ocrx_word' id='word_1_195' title='bbox 1509 285 1611 314; x_wconf 87' lang='lat' dir='ltr'>iterum</span> <span class='ocrx_word' id='word_1_196' title='bbox 1627 294 1676 322; x_wconf 86' lang='lat' dir='ltr'>per</span> <span class='ocrx_word' id='word_1_197' title='bbox 1691 286 1927 322; x_wconf 81' lang='lat' dir='ltr'>comparationem</span> <span class='ocrx_word' id='word_1_198' title='bbox 1946 287 2085 315; x_wconf 73' lang='lat' dir='ltr'>essentiae</span> 
     </span>
     <span class='ocr_line' id='line_1_35' title="bbox 1238 331 2086 369; baseline 0.001 -8"><span class='ocrx_word' id='word_1_199' title='bbox 1238 333 1273 362; x_wconf 89' lang='lat' dir='ltr'>ad</span> <span class='ocrx_word' id='word_1_200' title='bbox 1296 332 1519 369; x_wconf 73' lang='lat' dir='ltr'>proprietatem,</span> <span class='ocrx_word' id='word_1_201' title='bbox 1546 331 1674 361; x_wconf 89' lang='lat' dir='ltr'>similiter</span> <span class='ocrx_word' id='word_1_202' title='bbox 1700 335 1811 361; x_wconf 85' lang='lat' dir='ltr'>notatur</span> <span class='ocrx_word' id='word_1_203' title='bbox 1838 333 1968 361; x_wconf 81' lang='lat' dir='ltr'>identitas</span> <span class='ocrx_word' id='word_1_204' title='bbox 1996 342 2086 362; x_wconf 85' lang='lat' dir='ltr'>essen-</span> 
     </span>
     <span class='ocr_line' id='line_1_36' title="bbox 1239 379 2082 416; baseline 0.002 -9"><span class='ocrx_word' id='word_1_205' title='bbox 1239 379 1320 407; x_wconf 87' lang='lat' dir='ltr'>tialis.</span> <span class='ocrx_word' id='word_1_206' title='bbox 1343 379 1460 415; x_wconf 82' lang='lat' dir='ltr'>Quando</span> <span class='ocrx_word' id='word_1_207' title='bbox 1482 386 1549 407; x_wconf 85' lang='lat' dir='ltr'>vero</span> <span class='ocrx_word' id='word_1_208' title='bbox 1571 381 1612 407; x_wconf 88' lang='lat' dir='ltr'>est</span> <span class='ocrx_word' id='word_1_209' title='bbox 1633 379 1805 416; x_wconf 83' lang='lat' dir='ltr'>comparatio</span> <span class='ocrx_word' id='word_1_210' title='bbox 1829 380 2022 416; x_wconf 71' lang='lat' dir='ltr'>proprietatis</span> <span class='ocrx_word' id='word_1_211' title='bbox 2049 381 2082 409; x_wconf 86' lang='lat' dir='ltr'>ad</span> 
     </span>
     <span class='ocr_line' id='line_1_37' title="bbox 1235 425 2086 462; baseline 0.002 -9"><span class='ocrx_word' id='word_1_212' title='bbox 1235 425 1463 462; x_wconf 77' lang='lat' dir='ltr'>proprietatem,</span> <span class='ocrx_word' id='word_1_213' title='bbox 1485 425 1551 462; x_wconf 87' lang='lat' dir='ltr'>quia</span> <span class='ocrx_word' id='word_1_214' title='bbox 1572 425 1729 462; x_wconf 81' lang='lat' dir='ltr'>proprietas</span> <span class='ocrx_word' id='word_1_215' title='bbox 1750 433 1804 453; x_wconf 92' lang='lat' dir='ltr'>non</span> <span class='ocrx_word' id='word_1_216' title='bbox 1827 426 1959 462; x_wconf 79' lang='lat' dir='ltr'>importat</span> <span class='ocrx_word' id='word_1_217' title='bbox 1973 426 2024 455; x_wconf 88' lang='lat' dir='ltr'>nisi</span> <span class='ocrx_word' id='word_1_218' title='bbox 2044 435 2086 455; x_wconf 86' lang='lat' dir='ltr'>ra-</span> 
     </span>
     <span class='ocr_line' id='line_1_38' title="bbox 1240 471 2086 508; baseline 0.004 -9"><span class='ocrx_word' id='word_1_219' title='bbox 1240 471 1341 499; x_wconf 87' lang='lat' dir='ltr'>tionem</span> <span class='ocrx_word' id='word_1_220' title='bbox 1364 474 1391 499; x_wconf 92' lang='lat' dir='ltr'>et</span> <span class='ocrx_word' id='word_1_221' title='bbox 1412 471 1575 499; x_wconf 82' lang='lat' dir='ltr'>relationem</span> <span class='ocrx_word' id='word_1_222' title='bbox 1597 471 1655 499; x_wconf 87' lang='lat' dir='ltr'>sive</span> <span class='ocrx_word' id='word_1_223' title='bbox 1681 475 1839 508; x_wconf 88' lang='lat' dir='ltr'>respectum</span> <span class='ocrx_word' id='word_1_224' title='bbox 1847 483 1853 506; x_wconf 87' lang='grc'>;</span> <span class='ocrx_word' id='word_1_225' title='bbox 1880 475 1944 501; x_wconf 89' lang='lat' dir='ltr'>tunc</span> <span class='ocrx_word' id='word_1_226' title='bbox 1973 476 2086 502; x_wconf 87' lang='lat' dir='ltr'>notatur</span> 
     </span>
     <span class='ocr_line' id='line_1_39' title="bbox 1239 516 2086 556; baseline 0.005 -12"><span class='ocrx_word' id='word_1_227' title='bbox 1239 516 1370 545; x_wconf 79' lang='lat' dir='ltr'>identitas</span> <span class='ocrx_word' id='word_1_228' title='bbox 1395 517 1518 545; x_wconf 85' lang='lat' dir='ltr'>rationis.</span> <span class='ocrx_word' id='word_1_229' title='bbox 1543 517 1572 545; x_wconf 90' lang='lat' dir='ltr'>Et</span> <span class='ocrx_word' id='word_1_230' title='bbox 1593 517 1657 546; x_wconf 86' lang='lat' dir='ltr'>hinc</span> <span class='ocrx_word' id='word_1_231' title='bbox 1678 521 1732 551; x_wconf 77' lang='grc'>051,</span> <span class='ocrx_word' id='word_1_232' title='bbox 1755 518 1829 555; x_wconf 85' lang='lat' dir='ltr'>quod</span> <span class='ocrx_word' id='word_1_233' title='bbox 1853 527 1908 547; x_wconf 86' lang='lat' dir='ltr'>una</span> <span class='ocrx_word' id='word_1_234' title='bbox 1929 520 2086 556; x_wconf 85' lang='lat' dir='ltr'>proprietas</span> 
     </span>
     <span class='ocr_line' id='line_1_40' title="bbox 1238 563 2085 602; baseline 0.005 -11"><span class='ocrx_word' id='word_1_235' title='bbox 1238 563 1393 592; x_wconf 85' lang='lat' dir='ltr'>essentialis</span> <span class='ocrx_word' id='word_1_236' title='bbox 1414 564 1594 600; x_wconf 85' lang='lat' dir='ltr'>praedicatur</span> <span class='ocrx_word' id='word_1_237' title='bbox 1620 564 1654 593; x_wconf 89' lang='lat' dir='ltr'>de</span> <span class='ocrx_word' id='word_1_238' title='bbox 1676 564 1780 599; x_wconf 87' lang='lat' dir='ltr'>altera,</span> <span class='ocrx_word' id='word_1_239' title='bbox 1809 568 1836 594; x_wconf 88' lang='lat' dir='ltr'>et</span> <span class='ocrx_word' id='word_1_240' title='bbox 1866 566 2023 602; x_wconf 85' lang='lat' dir='ltr'>proprietas</span> <span class='ocrx_word' id='word_1_241' title='bbox 2051 566 2085 595; x_wconf 90' lang='lat' dir='ltr'>de</span> 
     </span>
     <span class='ocr_line' id='line_1_41' title="bbox 1239 610 2084 649; baseline 0.005 -11"><span class='ocrx_word' id='word_1_242' title='bbox 1239 610 1372 644; x_wconf 83' lang='lat' dir='ltr'>essentia,</span> <span class='ocrx_word' id='word_1_243' title='bbox 1394 610 1460 647; x_wconf 86' lang='lat' dir='ltr'>quia</span> <span class='ocrx_word' id='word_1_244' title='bbox 1482 610 1628 639; x_wconf 80' lang='lat' dir='ltr'>uniformis</span> <span class='ocrx_word' id='word_1_245' title='bbox 1652 612 1751 640; x_wconf 86' lang='lat' dir='ltr'>modus</span> <span class='ocrx_word' id='word_1_246' title='bbox 1782 613 1961 649; x_wconf 84' lang='lat' dir='ltr'>praedicandi</span> <span class='ocrx_word' id='word_1_247' title='bbox 1991 616 2033 642; x_wconf 87' lang='lat' dir='ltr'>est</span> <span class='ocrx_word' id='word_1_248' title='bbox 2059 614 2084 642; x_wconf 91' lang='lat' dir='ltr'>in</span> 
     </span>
     <span class='ocr_line' id='line_1_42' title="bbox 1240 657 2085 696; baseline 0.005 -11"><span class='ocrx_word' id='word_1_249' title='bbox 1240 657 1284 686; x_wconf 91' lang='lat' dir='ltr'>his</span> <span class='ocrx_word' id='word_1_250' title='bbox 1305 657 1338 685; x_wconf 90' lang='lat' dir='ltr'>ad</span> <span class='ocrx_word' id='word_1_251' title='bbox 1362 665 1392 686; x_wconf 87' lang='lat' dir='ltr'>se</span> <span class='ocrx_word' id='word_1_252' title='bbox 1413 657 1533 686; x_wconf 82' lang='lat' dir='ltr'>invicem</span> <span class='ocrx_word' id='word_1_253' title='bbox 1555 661 1582 686; x_wconf 90' lang='lat' dir='ltr'>et</span> <span class='ocrx_word' id='word_1_254' title='bbox 1603 658 1638 686; x_wconf 89' lang='lat' dir='ltr'>ad</span> <span class='ocrx_word' id='word_1_255' title='bbox 1660 658 1731 687; x_wconf 90' lang='lat' dir='ltr'>illud</span> <span class='ocrx_word' id='word_1_256' title='bbox 1760 659 1787 687; x_wconf 89' lang='lat' dir='ltr'>in</span> <span class='ocrx_word' id='word_1_257' title='bbox 1816 668 1872 696; x_wconf 91' lang='lat' dir='ltr'>quo</span> <span class='ocrx_word' id='word_1_258' title='bbox 1899 660 2085 693; x_wconf 79' lang='lat' dir='ltr'>conveniunt,</span> 
     </span>
     <span class='ocr_line' id='line_1_43' title="bbox 1239 704 2084 742; baseline 0.004 -9"><span class='ocrx_word' id='word_1_259' title='bbox 1239 704 1305 741; x_wconf 86' lang='lat' dir='ltr'>quia</span> <span class='ocrx_word' id='word_1_260' title='bbox 1325 712 1375 741; x_wconf 88' lang='lat' dir='ltr'>per</span> <span class='ocrx_word' id='word_1_261' title='bbox 1397 704 1569 733; x_wconf 86' lang='lat' dir='ltr'>identitatem</span> <span class='ocrx_word' id='word_1_262' title='bbox 1591 705 1735 734; x_wconf 87' lang='lat' dir='ltr'>essentiae.</span> <span class='ocrx_word' id='word_1_263' title='bbox 1757 706 1809 734; x_wconf 82' lang='lat' dir='ltr'>Sed</span> <span class='ocrx_word' id='word_1_264' title='bbox 1828 714 1880 734; x_wconf 93' lang='lat' dir='ltr'>non</span> <span class='ocrx_word' id='word_1_265' title='bbox 1897 707 1936 736; x_wconf 85' lang='lat' dir='ltr'>sic</span> <span class='ocrx_word' id='word_1_266' title='bbox 1950 710 2005 742; x_wconf 82' lang='lat' dir='ltr'>est,</span> <span class='ocrx_word' id='word_1_267' title='bbox 2021 715 2084 736; x_wconf 89' lang='lat' dir='ltr'>cum</span> 
     </span>
     <span class='ocr_line' id='line_1_44' title="bbox 1239 751 2087 791; baseline 0.005 -12"><span class='ocrx_word' id='word_1_268' title='bbox 1239 751 1396 788; x_wconf 84' lang='lat' dir='ltr'>proprietas</span> <span class='ocrx_word' id='word_1_269' title='bbox 1416 751 1595 787; x_wconf 84' lang='lat' dir='ltr'>praedicatur</span> <span class='ocrx_word' id='word_1_270' title='bbox 1617 751 1651 780; x_wconf 90' lang='lat' dir='ltr'>de</span> <span class='ocrx_word' id='word_1_271' title='bbox 1666 752 1843 789; x_wconf 89' lang='lat' dir='ltr'>proprietate.</span> <span class='ocrx_word' id='word_1_272' title='bbox 1860 753 1927 782; x_wconf 88' lang='lat' dir='ltr'>Nam</span> <span class='ocrx_word' id='word_1_273' title='bbox 1946 761 2010 782; x_wconf 85' lang='lat' dir='ltr'>cum</span> <span class='ocrx_word' id='word_1_274' title='bbox 2026 762 2087 791; x_wconf 92' lang='lat' dir='ltr'>pro-</span> 
     </span>
     <span class='ocr_line' id='line_1_45' title="bbox 1241 798 2085 835; baseline 0.005 -10"><span class='ocrx_word' id='word_1_275' title='bbox 1241 798 1344 834; x_wconf 85' lang='lat' dir='ltr'>prietas</span> <span class='ocrx_word' id='word_1_276' title='bbox 1365 798 1544 834; x_wconf 83' lang='lat' dir='ltr'>praedicatur</span> <span class='ocrx_word' id='word_1_277' title='bbox 1565 798 1600 827; x_wconf 87' lang='lat' dir='ltr'>de</span> <span class='ocrx_word' id='word_1_278' title='bbox 1621 806 1753 835; x_wconf 81' lang='lat' dir='ltr'>persona,</span> <span class='ocrx_word' id='word_1_279' title='bbox 1769 802 1881 827; x_wconf 88' lang='lat' dir='ltr'>notatur</span> <span class='ocrx_word' id='word_1_280' title='bbox 1896 800 2085 829; x_wconf 89' lang='lat' dir='ltr'>convenientia</span> 
     </span>
     <span class='ocr_line' id='line_1_46' title="bbox 1240 845 2084 882; baseline 0.002 -9"><span class='ocrx_word' id='word_1_281' title='bbox 1240 845 1267 873; x_wconf 92' lang='lat' dir='ltr'>in</span> <span class='ocrx_word' id='word_1_282' title='bbox 1289 845 1443 873; x_wconf 81' lang='lat' dir='ltr'>substantia</span> <span class='ocrx_word' id='word_1_283' title='bbox 1465 849 1492 874; x_wconf 89' lang='lat' dir='ltr'>et</span> <span class='ocrx_word' id='word_1_284' title='bbox 1513 845 1632 874; x_wconf 85' lang='lat' dir='ltr'>essentia</span> <span class='ocrx_word' id='word_1_285' title='bbox 1653 849 1680 874; x_wconf 92' lang='lat' dir='ltr'>et</span> <span class='ocrx_word' id='word_1_286' title='bbox 1701 846 1845 882; x_wconf 84' lang='lat' dir='ltr'>supposito</span> <span class='ocrx_word' id='word_1_287' title='bbox 1856 846 1873 873; x_wconf 82' lang='lat'>³.</span> <span class='ocrx_word' id='word_1_288' title='bbox 1899 846 1969 875; x_wconf 89' lang='lat' dir='ltr'>Cum</span> <span class='ocrx_word' id='word_1_289' title='bbox 1991 850 2084 876; x_wconf 87' lang='lat' dir='ltr'>autem</span> 
     </span>
     <span class='ocr_line' id='line_1_47' title="bbox 1240 892 2088 929; baseline 0.002 -9"><span class='ocrx_word' id='word_1_290' title='bbox 1240 892 1419 929; x_wconf 79' lang='lat' dir='ltr'>praedicatur</span> <span class='ocrx_word' id='word_1_291' title='bbox 1440 892 1474 920; x_wconf 86' lang='lat' dir='ltr'>de</span> <span class='ocrx_word' id='word_1_292' title='bbox 1495 892 1550 920; x_wconf 83' lang='lat' dir='ltr'>alia</span> <span class='ocrx_word' id='word_1_293' title='bbox 1570 893 1758 929; x_wconf 76' lang='lat' dir='ltr'>proprietate,</span> <span class='ocrx_word' id='word_1_294' title='bbox 1781 896 1894 921; x_wconf 90' lang='lat' dir='ltr'>notatur</span> <span class='ocrx_word' id='word_1_295' title='bbox 1925 894 2088 922; x_wconf 72' lang='lat' dir='ltr'>convenien-</span> 
     </span>
     <span class='ocr_line' id='line_1_48' title="bbox 1241 938 2086 975; baseline 0.004 -9"><span class='ocrx_word' id='word_1_296' title='bbox 1241 938 1278 966; x_wconf 88' lang='lat' dir='ltr'>tia</span> <span class='ocrx_word' id='word_1_297' title='bbox 1293 938 1319 966; x_wconf 92' lang='lat' dir='ltr'>in</span> <span class='ocrx_word' id='word_1_298' title='bbox 1343 938 1448 966; x_wconf 88' lang='lat' dir='ltr'>ratione</span> <span class='ocrx_word' id='word_1_299' title='bbox 1470 941 1496 966; x_wconf 89' lang='lat' dir='ltr'>et</span> <span class='ocrx_word' id='word_1_300' title='bbox 1518 941 1654 975; x_wconf 87' lang='lat' dir='ltr'>respectu.</span> <span class='ocrx_word' id='word_1_301' title='bbox 1678 939 1708 967; x_wconf 88' lang='lat' dir='ltr'>Et</span> <span class='ocrx_word' id='word_1_302' title='bbox 1737 938 1799 967; x_wconf 90' lang='lat' dir='ltr'>ideo</span> <span class='ocrx_word' id='word_1_303' title='bbox 1827 947 1880 967; x_wconf 86' lang='lat' dir='ltr'>non</span> <span class='ocrx_word' id='word_1_304' title='bbox 1909 942 1950 968; x_wconf 87' lang='lat' dir='ltr'>est</span> <span class='ocrx_word' id='word_1_305' title='bbox 1978 940 2086 969; x_wconf 86' lang='lat' dir='ltr'>simile.</span> 
     </span>
     <span class='ocr_line' id='line_1_49' title="bbox 1241 985 2086 1017; baseline 0.004 -5"><span class='ocrx_word' id='word_1_306' title='bbox 1241 985 1326 1013; x_wconf 89' lang='lat' dir='ltr'>immo</span> <span class='ocrx_word' id='word_1_307' title='bbox 1347 988 1389 1013; x_wconf 86' lang='lat' dir='ltr'>est</span> <span class='ocrx_word' id='word_1_308' title='bbox 1410 985 1446 1013; x_wconf 89' lang='lat' dir='ltr'>ibi</span> <span class='ocrx_word' id='word_1_309' title='bbox 1474 985 1625 1013; x_wconf 72' lang='lat' dir='ltr'>accidens:</span> <span class='ocrx_word' id='word_1_310' title='bbox 1654 986 1825 1014; x_wconf 82' lang='lat' dir='ltr'>conveniunt</span> <span class='ocrx_word' id='word_1_311' title='bbox 1856 986 1883 1014; x_wconf 90' lang='lat' dir='ltr'>in</span> <span class='ocrx_word' id='word_1_312' title='bbox 1912 986 2086 1017; x_wconf 81' lang='lat' dir='ltr'>substantia.</span> 
     </span>
     <span class='ocr_line' id='line_1_50' title="bbox 1241 1031 1514 1068; baseline 0 -9"><span class='ocrx_word' id='word_1_313' title='bbox 1241 1039 1308 1067; x_wconf 77' lang='lat' dir='ltr'>ergo</span> <span class='ocrx_word' id='word_1_314' title='bbox 1328 1031 1354 1059; x_wconf 90' lang='lat' dir='ltr'>in</span> <span class='ocrx_word' id='word_1_315' title='bbox 1378 1034 1514 1068; x_wconf 82' lang='lat' dir='ltr'>respectu.</span> 
     </span>
    </p>

    <p class='ocr_par' dir='ltr' id='par_1_10' title="bbox 1242 1077 2089 1303">
     <span class='ocr_line' id='line_1_51' title="bbox 1321 1077 2087 1108; baseline 0.003 -2"><span class='ocrx_word' id='word_1_316' title='bbox 1321 1078 1346 1106; x_wconf 75' lang='grc'>[1.</span> <span class='ocrx_word' id='word_1_317' title='bbox 1369 1077 1406 1105; x_wconf 70' lang='lat' dir='ltr'>Ad</span> <span class='ocrx_word' id='word_1_318' title='bbox 1429 1078 1560 1106; x_wconf 82' lang='lat' dir='ltr'>ultimum</span> <span class='ocrx_word' id='word_1_319' title='bbox 1583 1078 1617 1107; x_wconf 88' lang='lat' dir='ltr'>de</span> <span class='ocrx_word' id='word_1_320' title='bbox 1643 1079 1836 1107; x_wconf 88' lang='lat' dir='ltr'>convenientia</span> <span class='ocrx_word' id='word_1_321' title='bbox 1864 1083 2031 1108; x_wconf 86' lang='lat' dir='ltr'>naturarum</span> <span class='ocrx_word' id='word_1_322' title='bbox 2060 1080 2087 1108; x_wconf 91' lang='lat' dir='ltr'>in</span> 
     </span>
     <span class='ocr_line' id='line_1_52' title="bbox 1242 1125 2087 1162; baseline 0.004 -10"><span class='ocrx_word' id='word_1_323' title='bbox 1242 1132 1298 1152; x_wconf 85' lang='lat' dir='ltr'>una</span> <span class='ocrx_word' id='word_1_324' title='bbox 1319 1132 1437 1161; x_wconf 88' lang='lat' dir='ltr'>persona</span> <span class='ocrx_word' id='word_1_325' title='bbox 1459 1127 1534 1160; x_wconf 90' lang='lat' dir='ltr'>patet</span> <span class='ocrx_word' id='word_1_326' title='bbox 1555 1125 1699 1161; x_wconf 80' lang='lat' dir='ltr'>responsio</span> <span class='ocrx_word' id='word_1_327' title='bbox 1712 1148 1718 1159; x_wconf 81' lang='grc'>,</span> <span class='ocrx_word' id='word_1_328' title='bbox 1740 1126 1805 1162; x_wconf 89' lang='lat' dir='ltr'>quia</span> <span class='ocrx_word' id='word_1_329' title='bbox 1827 1134 1881 1154; x_wconf 90' lang='lat' dir='ltr'>non</span> <span class='ocrx_word' id='word_1_330' title='bbox 1902 1129 1944 1155; x_wconf 90' lang='lat' dir='ltr'>est</span> <span class='ocrx_word' id='word_1_331' title='bbox 1965 1134 2087 1155; x_wconf 84' lang='lat' dir='ltr'>commu-</span> 
     </span>
     <span class='ocr_line' id='line_1_53' title="bbox 1242 1171 2089 1203; baseline 0.004 -4"><span class='ocrx_word' id='word_1_332' title='bbox 1242 1172 1342 1200; x_wconf 82' lang='lat' dir='ltr'>nicatio</span> <span class='ocrx_word' id='word_1_333' title='bbox 1370 1171 1534 1200; x_wconf 84' lang='lat' dir='ltr'>idiomatum</span> <span class='ocrx_word' id='word_1_334' title='bbox 1564 1171 1591 1199; x_wconf 94' lang='lat' dir='ltr'>in</span> <span class='ocrx_word' id='word_1_335' title='bbox 1617 1171 1816 1201; x_wconf 74' lang='lat' dir='ltr'>abstractione.</span> <span class='ocrx_word' id='word_1_336' title='bbox 1846 1173 1894 1201; x_wconf 89' lang='lat' dir='ltr'>sed</span> <span class='ocrx_word' id='word_1_337' title='bbox 1924 1173 1951 1201; x_wconf 90' lang='lat' dir='ltr'>in</span> <span class='ocrx_word' id='word_1_338' title='bbox 1980 1181 2089 1203; x_wconf 86' lang='lat' dir='ltr'>concre-</span> 
     </span>
     <span class='ocr_line' id='line_1_54' title="bbox 1242 1218 2088 1254; baseline 0.002 -8"><span class='ocrx_word' id='word_1_339' title='bbox 1242 1219 1330 1250; x_wconf 76' lang='lat' dir='ltr'>tione.</span> <span class='ocrx_word' id='word_1_340' title='bbox 1353 1218 1417 1254; x_wconf 84' lang='lat' dir='ltr'>quia</span> <span class='ocrx_word' id='word_1_341' title='bbox 1440 1218 1532 1246; x_wconf 76' lang='lat' dir='ltr'>deitas</span> <span class='ocrx_word' id='word_1_342' title='bbox 1554 1226 1606 1245; x_wconf 91' lang='lat' dir='ltr'>non</span> <span class='ocrx_word' id='word_1_343' title='bbox 1629 1221 1671 1246; x_wconf 88' lang='lat' dir='ltr'>est</span> <span class='ocrx_word' id='word_1_344' title='bbox 1693 1218 1868 1254; x_wconf 85' lang='lat' dir='ltr'>humanitas,</span> <span class='ocrx_word' id='word_1_345' title='bbox 1891 1220 1939 1248; x_wconf 84' lang='lat' dir='ltr'>sed</span> <span class='ocrx_word' id='word_1_346' title='bbox 1957 1220 2032 1248; x_wconf 77' lang='lat' dir='ltr'>Deus</span> <span class='ocrx_word' id='word_1_347' title='bbox 2046 1223 2088 1249; x_wconf 89' lang='lat' dir='ltr'>est</span> 
     </span>
     <span class='ocr_line' id='line_1_55' title="bbox 1242 1264 2087 1303; baseline 0.002 -11"><span class='ocrx_word' id='word_1_348' title='bbox 1242 1265 1341 1299; x_wconf 81' lang='lat' dir='ltr'>homo:</span> <span class='ocrx_word' id='word_1_349' title='bbox 1357 1265 1486 1293; x_wconf 87' lang='lat' dir='ltr'>similiter</span> <span class='ocrx_word' id='word_1_350' title='bbox 1501 1264 1527 1292; x_wconf 94' lang='lat' dir='ltr'>in</span> <span class='ocrx_word' id='word_1_351' title='bbox 1544 1265 1684 1301; x_wconf 85' lang='lat' dir='ltr'>proposito</span> <span class='ocrx_word' id='word_1_352' title='bbox 1699 1268 1749 1293; x_wconf 89' lang='lat' dir='ltr'>est.</span> <span class='ocrx_word' id='word_1_353' title='bbox 1778 1266 1842 1294; x_wconf 89' lang='lat' dir='ltr'>ldeo</span> <span class='ocrx_word' id='word_1_354' title='bbox 1856 1269 1951 1303; x_wconf 89' lang='lat' dir='ltr'>patent</span> <span class='ocrx_word' id='word_1_355' title='bbox 1966 1267 2058 1295; x_wconf 88' lang='lat' dir='ltr'>omnia</span> <span class='ocrx_word' id='word_1_356' title='bbox 2071 1267 2087 1294; x_wconf 75' lang='lat'>⁴.</span> 
     </span>
    </p>
   </div>
   <div class='ocr_carea' id='block_1_8' title="bbox 1083 1471 1345 1507">
    <p class='ocr_par' dir='ltr' id='par_1_11' title="bbox 1083 1471 1345 1507">
     <span class='ocr_line' id='line_1_56' title="bbox 1083 1471 1345 1507; baseline -0.004 0"><span class='ocrx_word' id='word_1_357' title='bbox 1083 1471 1345 1507; x_wconf 80' lang='lat' dir='ltr'>SCHOLION.</span> 
     </span>
    </p>
   </div>
   <div class='ocr_carea' id='block_1_9' title="bbox 340 1677 1191 2487">
    <p class='ocr_par' dir='ltr' id='par_1_12' title="bbox 340 1677 1189 2054">
     <span class='ocr_line' id='line_1_57' title="bbox 404 1677 1186 1710; baseline -0.006 -6"><span class='ocrx_word' id='word_1_358' title='bbox 404 1683 417 1703; x_wconf 92' lang='lat' dir='ltr'>l.</span> <span class='ocrx_word' id='word_1_359' title='bbox 437 1683 544 1710; x_wconf 75' lang='lat' dir='ltr'>Quaestio</span> <span class='ocrx_word' id='word_1_360' title='bbox 562 1685 595 1703; x_wconf 90' lang='lat' dir='ltr'>est</span> <span class='ocrx_word' id='word_1_361' title='bbox 612 1680 641 1703; x_wconf 87' lang='lat' dir='ltr'>de</span> <span class='ocrx_word' id='word_1_362' title='bbox 659 1680 790 1702; x_wconf 78' lang='lat' dir='ltr'>notionibus</span> <span class='ocrx_word' id='word_1_363' title='bbox 806 1681 828 1701; x_wconf 89' lang='lat' dir='ltr'>in</span> <span class='ocrx_word' id='word_1_364' title='bbox 846 1679 927 1701; x_wconf 76' lang='lat' dir='ltr'>eadem</span> <span class='ocrx_word' id='word_1_365' title='bbox 946 1685 1043 1706; x_wconf 84' lang='lat' dir='ltr'>persona</span> <span class='ocrx_word' id='word_1_366' title='bbox 1065 1684 1087 1700; x_wconf 66' lang='lat' dir='ltr'>v.</span> <span class='ocrx_word' id='word_1_367' title='bbox 1110 1684 1132 1705; x_wconf 76' lang='lat' dir='ltr'>g.</span> <span class='ocrx_word' id='word_1_368' title='bbox 1158 1677 1186 1699; x_wconf 85' lang='lat' dir='ltr'>de</span> 
     </span>
     <span class='ocr_line' id='line_1_58' title="bbox 340 1715 1186 1749; baseline -0.007 -6"><span class='ocrx_word' id='word_1_369' title='bbox 340 1722 475 1749; x_wconf 83' lang='lat' dir='ltr'>paternitate</span> <span class='ocrx_word' id='word_1_370' title='bbox 492 1725 513 1742; x_wconf 85' lang='lat' dir='ltr'>et</span> <span class='ocrx_word' id='word_1_371' title='bbox 530 1720 654 1748; x_wconf 79' lang='lat' dir='ltr'>spiratione</span> <span class='ocrx_word' id='word_1_372' title='bbox 672 1720 744 1740; x_wconf 69' lang='lat' dir='ltr'>aetira</span> <span class='ocrx_word' id='word_1_373' title='bbox 763 1719 784 1740; x_wconf 93' lang='lat' dir='ltr'>in</span> <span class='ocrx_word' id='word_1_374' title='bbox 812 1718 882 1739; x_wconf 84' lang='lat' dir='ltr'>Patre.</span> <span class='ocrx_word' id='word_1_375' title='bbox 908 1717 966 1739; x_wconf 80' lang='lat' dir='ltr'>Cum</span> <span class='ocrx_word' id='word_1_376' title='bbox 991 1718 1052 1738; x_wconf 90' lang='lat' dir='ltr'>enim</span> <span class='ocrx_word' id='word_1_377' title='bbox 1078 1715 1186 1738; x_wconf 81' lang='lat' dir='ltr'>attributa</span> 
     </span>
     <span class='ocr_line' id='line_1_59' title="bbox 341 1755 1186 1784; baseline -0.007 -2"><span class='ocrx_word' id='word_1_378' title='bbox 341 1760 418 1782; x_wconf 72' lang='lat' dir='ltr'>divina</span> <span class='ocrx_word' id='word_1_379' title='bbox 436 1760 563 1782; x_wconf 68' lang='lat' dir='ltr'>xirtualiter</span> <span class='ocrx_word' id='word_1_380' title='bbox 580 1760 638 1780; x_wconf 86' lang='lat' dir='ltr'>inter</span> <span class='ocrx_word' id='word_1_381' title='bbox 654 1764 678 1780; x_wconf 84' lang='lat' dir='ltr'>se</span> <span class='ocrx_word' id='word_1_382' title='bbox 697 1758 800 1780; x_wconf 83' lang='lat' dir='ltr'>distincta</span> <span class='ocrx_word' id='word_1_383' title='bbox 819 1756 981 1784; x_wconf 69' lang='lat' dir='ltr'>praedicentur</span> <span class='ocrx_word' id='word_1_384' title='bbox 998 1756 1026 1777; x_wconf 80' lang='grc'>[10</span> <span class='ocrx_word' id='word_1_385' title='bbox 1038 1755 1186 1781; x_wconf 66' lang='lat' dir='ltr'>seinvicem,</span> 
     </span>
     <span class='ocr_line' id='line_1_60' title="bbox 341 1795 1188 1827; baseline -0.008 -5"><span class='ocrx_word' id='word_1_386' title='bbox 341 1803 363 1822; x_wconf 85' lang='grc'>01</span> <span class='ocrx_word' id='word_1_387' title='bbox 389 1800 518 1827; x_wconf 74' lang='lat' dir='ltr'>proprietas</span> <span class='ocrx_word' id='word_1_388' title='bbox 543 1798 571 1820; x_wconf 86' lang='grc'>110</span> <span class='ocrx_word' id='word_1_389' title='bbox 597 1798 705 1824; x_wconf 74' lang='lat' dir='ltr'>essentia,</span> <span class='ocrx_word' id='word_1_390' title='bbox 732 1797 829 1823; x_wconf 70' lang='lat' dir='ltr'>xidetur,</span> <span class='ocrx_word' id='word_1_391' title='bbox 856 1795 918 1824; x_wconf 82' lang='lat' dir='ltr'>quod</span> <span class='ocrx_word' id='word_1_392' title='bbox 944 1796 1011 1818; x_wconf 83' lang='lat' dir='ltr'>etiam</span> <span class='ocrx_word' id='word_1_393' title='bbox 1037 1795 1188 1822; x_wconf 85' lang='lat' dir='ltr'>proprietates</span> 
     </span>
     <span class='ocr_line' id='line_1_61' title="bbox 341 1833 1188 1865; baseline -0.007 -5"><span class='ocrx_word' id='word_1_394' title='bbox 341 1838 446 1860; x_wconf 83' lang='lat' dir='ltr'>eiusdem</span> <span class='ocrx_word' id='word_1_395' title='bbox 464 1843 575 1865; x_wconf 81' lang='lat' dir='ltr'>personae</span> <span class='ocrx_word' id='word_1_396' title='bbox 593 1837 621 1858; x_wconf 85' lang='lat' dir='ltr'>de</span> <span class='ocrx_word' id='word_1_397' title='bbox 639 1843 663 1858; x_wconf 88' lang='grc'>50</span> <span class='ocrx_word' id='word_1_398' title='bbox 682 1836 809 1863; x_wconf 85' lang='lat' dir='ltr'>praedicari</span> <span class='ocrx_word' id='word_1_399' title='bbox 827 1835 913 1863; x_wconf 79' lang='lat' dir='ltr'>possint</span> <span class='ocrx_word' id='word_1_400' title='bbox 932 1835 1000 1863; x_wconf 82' lang='lat' dir='ltr'>(quae</span> <span class='ocrx_word' id='word_1_401' title='bbox 1018 1834 1075 1855; x_wconf 87' lang='lat' dir='ltr'>ratio</span> <span class='ocrx_word' id='word_1_402' title='bbox 1092 1833 1188 1855; x_wconf 69' lang='lat' dir='ltr'>solvitur</span> 
     </span>
     <span class='ocr_line' id='line_1_62' title="bbox 341 1873 1187 1904; baseline -0.007 -5"><span class='ocrx_word' id='word_1_403' title='bbox 341 1878 371 1899; x_wconf 88' lang='lat' dir='ltr'>ad</span> <span class='ocrx_word' id='word_1_404' title='bbox 389 1878 409 1899; x_wconf 74' lang='lat'>2.</span> <span class='ocrx_word' id='word_1_405' title='bbox 428 1877 467 1904; x_wconf 85' lang='lat'>3.).</span> <span class='ocrx_word' id='word_1_406' title='bbox 485 1876 530 1898; x_wconf 79' lang='lat' dir='ltr'>Sed</span> <span class='ocrx_word' id='word_1_407' title='bbox 548 1877 666 1903; x_wconf 83' lang='lat' dir='ltr'>responsio</span> <span class='ocrx_word' id='word_1_408' title='bbox 685 1876 788 1903; x_wconf 72' lang='lat' dir='ltr'>negatixa</span> <span class='ocrx_word' id='word_1_409' title='bbox 807 1878 841 1896; x_wconf 86' lang='lat' dir='ltr'>est</span> <span class='ocrx_word' id='word_1_410' title='bbox 858 1874 995 1896; x_wconf 83' lang='lat' dir='ltr'>communis.</span> <span class='ocrx_word' id='word_1_411' title='bbox 1013 1873 1093 1895; x_wconf 77' lang='lat' dir='ltr'>Schola</span> <span class='ocrx_word' id='word_1_412' title='bbox 1111 1876 1187 1894; x_wconf 83' lang='lat' dir='ltr'>autem</span> 
     </span>
     <span class='ocr_line' id='line_1_63' title="bbox 342 1911 1189 1939; baseline -0.005 -2"><span class='ocrx_word' id='word_1_413' title='bbox 342 1916 364 1938; x_wconf 79' lang='lat' dir='ltr'>S.</span> <span class='ocrx_word' id='word_1_414' title='bbox 383 1916 485 1937; x_wconf 88' lang='lat' dir='ltr'>Thomae</span> <span class='ocrx_word' id='word_1_415' title='bbox 503 1921 547 1937; x_wconf 88' lang='lat' dir='ltr'>non</span> <span class='ocrx_word' id='word_1_416' title='bbox 565 1914 660 1936; x_wconf 77' lang='lat' dir='ltr'>admittit</span> <span class='ocrx_word' id='word_1_417' title='bbox 680 1915 715 1935; x_wconf 80' lang='lat' dir='ltr'>hic</span> <span class='ocrx_word' id='word_1_418' title='bbox 728 1914 769 1935; x_wconf 87' lang='lat' dir='ltr'>nisi</span> <span class='ocrx_word' id='word_1_419' title='bbox 781 1913 949 1935; x_wconf 81' lang='lat' dir='ltr'>distinctionem</span> <span class='ocrx_word' id='word_1_420' title='bbox 962 1911 1095 1939; x_wconf 71' lang='grc' dir='ltr'>1111111110οη</span> <span class='ocrx_word' id='word_1_421' title='bbox 1108 1911 1189 1933; x_wconf 75' lang='lat' dir='ltr'>scotus</span> 
     </span>
     <span class='ocr_line' id='line_1_64' title="bbox 341 1950 1188 1979; baseline -0.005 -4"><span class='ocrx_word' id='word_1_422' title='bbox 341 1953 435 1976; x_wconf 84' lang='lat' dir='ltr'>adhibet</span> <span class='ocrx_word' id='word_1_423' title='bbox 457 1953 625 1975; x_wconf 75' lang='lat' dir='ltr'>distinctionem</span> <span class='ocrx_word' id='word_1_424' title='bbox 648 1959 713 1974; x_wconf 89' lang='lat' dir='ltr'>suam</span> <span class='ocrx_word' id='word_1_425' title='bbox 741 1952 870 1979; x_wconf 77' lang='lat' dir='ltr'>formalem,</span> <span class='ocrx_word' id='word_1_426' title='bbox 895 1952 916 1972; x_wconf 71' lang='lat' dir='ltr'>S.</span> <span class='ocrx_word' id='word_1_427' title='bbox 942 1951 1101 1972; x_wconf 76' lang='lat' dir='ltr'>Bonaventura</span> <span class='ocrx_word' id='word_1_428' title='bbox 1128 1950 1188 1971; x_wconf 86' lang='lat' dir='ltr'>illam</span> 
     </span>
     <span class='ocr_line' id='line_1_65' title="bbox 342 1988 1188 2019; baseline -0.005 -5"><span class='ocrx_word' id='word_1_429' title='bbox 342 1993 509 2015; x_wconf 77' lang='lat' dir='ltr'>distinctionem</span> <span class='ocrx_word' id='word_1_430' title='bbox 527 1992 691 2014; x_wconf 78' lang='lat' dir='ltr'>attributionis,</span> <span class='ocrx_word' id='word_1_431' title='bbox 710 1991 738 2013; x_wconf 81' lang='lat' dir='ltr'>de</span> <span class='ocrx_word' id='word_1_432' title='bbox 756 1997 801 2019; x_wconf 87' lang='lat' dir='ltr'>qua</span> <span class='ocrx_word' id='word_1_433' title='bbox 827 1996 895 2017; x_wconf 85' lang='lat' dir='ltr'>supra</span> <span class='ocrx_word' id='word_1_434' title='bbox 922 1990 943 2011; x_wconf 95' lang='lat' dir='ltr'>d.</span> <span class='ocrx_word' id='word_1_435' title='bbox 970 1990 1006 2011; x_wconf 74' lang='lat'>26.</span> <span class='ocrx_word' id='word_1_436' title='bbox 1033 1996 1055 2017; x_wconf 88' lang='lat' dir='ltr'>q.</span> <span class='ocrx_word' id='word_1_437' title='bbox 1085 1989 1102 2010; x_wconf 89' lang='lat' dir='ltr'>l.</span> <span class='ocrx_word' id='word_1_438' title='bbox 1120 1988 1188 2010; x_wconf 83' lang='lat' dir='ltr'>locuti</span> 
     </span>
     <span class='ocr_line' id='line_1_66' title="bbox 342 2039 431 2054; baseline 0 0"><span class='ocrx_word' id='word_1_439' title='bbox 342 2039 431 2054; x_wconf 82' lang='lat' dir='ltr'>sumus.</span> 
     </span>
    </p>

    <p class='ocr_par' dir='ltr' id='par_1_13' title="bbox 343 2067 1191 2487">
     <span class='ocr_line' id='line_1_67' title="bbox 406 2067 1188 2098; baseline -0.006 -5"><span class='ocrx_word' id='word_1_440' title='bbox 406 2072 429 2093; x_wconf 88' lang='lat' dir='ltr'>lt.</span> <span class='ocrx_word' id='word_1_441' title='bbox 446 2071 478 2093; x_wconf 81' lang='lat' dir='ltr'>Dc</span> <span class='ocrx_word' id='word_1_442' title='bbox 496 2071 530 2093; x_wconf 71' lang='lat' dir='ltr'>dix</span> <span class='ocrx_word' id='word_1_443' title='bbox 538 2072 595 2093; x_wconf 84' lang='lat' dir='ltr'>ersis</span> <span class='ocrx_word' id='word_1_444' title='bbox 611 2070 734 2098; x_wconf 77' lang='lat' dir='ltr'>speciebus</span> <span class='ocrx_word' id='word_1_445' title='bbox 752 2070 928 2097; x_wconf 59' lang='lat' dir='ltr'>praedicationis</span> <span class='ocrx_word' id='word_1_446' title='bbox 944 2068 998 2090; x_wconf 67' lang='lat' dir='ltr'>vide</span> <span class='ocrx_word' id='word_1_447' title='bbox 1015 2074 1085 2095; x_wconf 80' lang='lat' dir='ltr'>supra</span> <span class='ocrx_word' id='word_1_448' title='bbox 1110 2067 1133 2089; x_wconf 92' lang='lat' dir='ltr'>d.</span> <span class='ocrx_word' id='word_1_449' title='bbox 1151 2067 1188 2089; x_wconf 84' lang='lat'>30.</span> 
     </span>
     <span class='ocr_line' id='line_1_68' title="bbox 343 2106 1189 2139; baseline -0.005 -7"><span class='ocrx_word' id='word_1_450' title='bbox 343 2118 364 2139; x_wconf 91' lang='lat' dir='ltr'>q.</span> <span class='ocrx_word' id='word_1_451' title='bbox 388 2111 404 2132; x_wconf 91' lang='lat' dir='ltr'>t.</span> <span class='ocrx_word' id='word_1_452' title='bbox 423 2110 537 2132; x_wconf 68' lang='grc'>5011011011.</span> <span class='ocrx_word' id='word_1_453' title='bbox 553 2122 586 2125; x_wconf 91' lang='grc'>-</span> <span class='ocrx_word' id='word_1_454' title='bbox 602 2110 633 2131; x_wconf 89' lang='lat' dir='ltr'>De</span> <span class='ocrx_word' id='word_1_455' title='bbox 651 2110 777 2131; x_wconf 78' lang='lat' dir='ltr'>differentia</span> <span class='ocrx_word' id='word_1_456' title='bbox 794 2109 853 2131; x_wconf 87' lang='lat' dir='ltr'>inter</span> <span class='ocrx_word' id='word_1_457' title='bbox 870 2107 1063 2136; x_wconf 78' lang='lat' dir='ltr'>praedicationem</span> <span class='ocrx_word' id='word_1_458' title='bbox 1076 2113 1117 2134; x_wconf 85' lang='lat' dir='ltr'>per</span> <span class='ocrx_word' id='word_1_459' title='bbox 1128 2106 1189 2129; x_wconf 79' lang='lat' dir='ltr'>iden-</span> 
     </span>
     <span class='ocr_line' id='line_1_69' title="bbox 343 2145 1189 2176; baseline -0.006 -5"><span class='ocrx_word' id='word_1_460' title='bbox 343 2149 432 2171; x_wconf 77' lang='lat' dir='ltr'>titatem</span> <span class='ocrx_word' id='word_1_461' title='bbox 449 2152 469 2171; x_wconf 87' lang='lat' dir='ltr'>et</span> <span class='ocrx_word' id='word_1_462' title='bbox 487 2150 553 2170; x_wconf 86' lang='lat' dir='ltr'>aliam</span> <span class='ocrx_word' id='word_1_463' title='bbox 572 2155 614 2176; x_wconf 82' lang='lat' dir='ltr'>per</span> <span class='ocrx_word' id='word_1_464' title='bbox 630 2147 804 2171; x_wconf 68' lang='lat' dir='ltr'>inlittercnt‘iiim</span> <span class='ocrx_word' id='word_1_465' title='bbox 821 2148 869 2169; x_wconf 71' lang='lat' dir='ltr'>sive</span> <span class='ocrx_word' id='word_1_466' title='bbox 888 2147 1098 2169; x_wconf 78' lang='lat' dir='ltr'>denominationem</span> <span class='ocrx_word' id='word_1_467' title='bbox 1120 2145 1189 2173; x_wconf 82' lang='lat' dir='ltr'>(quae</span> 
     </span>
     <span class='ocr_line' id='line_1_70' title="bbox 344 2184 1188 2216; baseline -0.006 -6"><span class='ocrx_word' id='word_1_468' title='bbox 344 2195 355 2210; x_wconf 90' lang='lat' dir='ltr'>a</span> <span class='ocrx_word' id='word_1_469' title='bbox 370 2189 437 2210; x_wconf 78' lang='lat' dir='ltr'>Scoto</span> <span class='ocrx_word' id='word_1_470' title='bbox 455 2191 551 2210; x_wconf 72' lang='lat' dir='ltr'>vot-atur</span> <span class='ocrx_word' id='word_1_471' title='bbox 566 2187 687 2216; x_wconf 69' lang='lat' dir='ltr'>serviatis)</span> <span class='ocrx_word' id='word_1_472' title='bbox 706 2187 770 2214; x_wconf 88' lang='lat' dir='ltr'>plura</span> <span class='ocrx_word' id='word_1_473' title='bbox 789 2186 841 2208; x_wconf 67' lang='lat' dir='ltr'>ride</span> <span class='ocrx_word' id='word_1_474' title='bbox 860 2186 881 2208; x_wconf 91' lang='lat' dir='ltr'>d.</span> <span class='ocrx_word' id='word_1_475' title='bbox 900 2186 920 2208; x_wconf 75' lang='grc' dir='ltr'>ὅ.</span> <span class='ocrx_word' id='word_1_476' title='bbox 939 2193 959 2207; x_wconf 91' lang='lat' dir='ltr'>a.</span> <span class='ocrx_word' id='word_1_477' title='bbox 987 2186 1003 2206; x_wconf 89' lang='lat' dir='ltr'>t.</span> <span class='ocrx_word' id='word_1_478' title='bbox 1021 2191 1043 2213; x_wconf 88' lang='lat' dir='ltr'>q.</span> <span class='ocrx_word' id='word_1_479' title='bbox 1072 2185 1088 2206; x_wconf 91' lang='lat' dir='ltr'>t.</span> <span class='ocrx_word' id='word_1_480' title='bbox 1112 2184 1142 2206; x_wconf 89' lang='lat' dir='ltr'>ad</span> <span class='ocrx_word' id='word_1_481' title='bbox 1163 2184 1188 2211; x_wconf 72' lang='lat'>2,</span> 
     </span>
     <span class='ocr_line' id='line_1_71' title="bbox 344 2223 1189 2256; baseline -0.006 -7"><span class='ocrx_word' id='word_1_482' title='bbox 344 2228 366 2249; x_wconf 91' lang='lat' dir='ltr'>d.</span> <span class='ocrx_word' id='word_1_483' title='bbox 385 2227 421 2249; x_wconf 67' lang='lat'>31.</span> <span class='ocrx_word' id='word_1_484' title='bbox 440 2234 461 2256; x_wconf 88' lang='lat' dir='ltr'>q.</span> <span class='ocrx_word' id='word_1_485' title='bbox 481 2228 505 2254; x_wconf 78' lang='lat'>-2,</span> <span class='ocrx_word' id='word_1_486' title='bbox 523 2230 543 2249; x_wconf 89' lang='lat' dir='ltr'>et</span> <span class='ocrx_word' id='word_1_487' title='bbox 563 2228 594 2248; x_wconf 94' lang='lat' dir='ltr'>lll.</span> <span class='ocrx_word' id='word_1_488' title='bbox 612 2227 672 2249; x_wconf 76' lang='lat' dir='ltr'>Sent.</span> <span class='ocrx_word' id='word_1_489' title='bbox 691 2226 712 2248; x_wconf 92' lang='lat' dir='ltr'>d.</span> <span class='ocrx_word' id='word_1_490' title='bbox 732 2227 752 2248; x_wconf 84' lang='grc'>8.</span> <span class='ocrx_word' id='word_1_491' title='bbox 771 2232 790 2247; x_wconf 83' lang='grc'>0.</span> <span class='ocrx_word' id='word_1_492' title='bbox 815 2227 830 2247; x_wconf 96' lang='grc' dir='ltr'>Ι.</span> <span class='ocrx_word' id='word_1_493' title='bbox 849 2232 870 2254; x_wconf 85' lang='lat' dir='ltr'>q.</span> <span class='ocrx_word' id='word_1_494' title='bbox 889 2226 909 2247; x_wconf 86' lang='lat'>3.</span> <span class='ocrx_word' id='word_1_495' title='bbox 928 2226 949 2246; x_wconf 94' lang='lat' dir='ltr'>in</span> <span class='ocrx_word' id='word_1_496' title='bbox 967 2230 1031 2251; x_wconf 86' lang='lat' dir='ltr'>corp.</span> <span class='ocrx_word' id='word_1_497' title='bbox 1050 2223 1189 2245; x_wconf 70' lang='lat' dir='ltr'>Praedieatio</span> 
     </span>
     <span class='ocr_line' id='line_1_72' title="bbox 344 2262 1188 2294; baseline -0.007 -6"><span class='ocrx_word' id='word_1_498' title='bbox 344 2272 386 2294; x_wconf 87' lang='lat' dir='ltr'>per</span> <span class='ocrx_word' id='word_1_499' title='bbox 402 2266 540 2288; x_wconf 84' lang='lat' dir='ltr'>identitatem</span> <span class='ocrx_word' id='word_1_500' title='bbox 560 2266 582 2287; x_wconf 83' lang='lat' dir='ltr'>tit</span> <span class='ocrx_word' id='word_1_501' title='bbox 600 2267 657 2287; x_wconf 87' lang='lat' dir='ltr'>inter</span> <span class='ocrx_word' id='word_1_502' title='bbox 679 2265 788 2287; x_wconf 83' lang='lat' dir='ltr'>terminos</span> <span class='ocrx_word' id='word_1_503' title='bbox 813 2264 949 2290; x_wconf 74' lang='lat' dir='ltr'>abstractos,</span> <span class='ocrx_word' id='word_1_504' title='bbox 971 2263 1007 2284; x_wconf 70' lang='grc'>101</span> <span class='ocrx_word' id='word_1_505' title='bbox 1030 2262 1110 2284; x_wconf 86' lang='lat' dir='ltr'>saltem</span> <span class='ocrx_word' id='word_1_506' title='bbox 1136 2267 1188 2283; x_wconf 86' lang='lat' dir='ltr'>cum</span> 
     </span>
     <span class='ocr_line' id='line_1_73' title="bbox 345 2301 1188 2332; baseline -0.006 -5"><span class='ocrx_word' id='word_1_507' title='bbox 345 2312 390 2327; x_wconf 85' lang='lat' dir='ltr'>uno</span> <span class='ocrx_word' id='word_1_508' title='bbox 408 2305 532 2332; x_wconf 68' lang='lat' dir='ltr'>abstracto,</span> <span class='ocrx_word' id='word_1_509' title='bbox 552 2311 595 2326; x_wconf 91' lang='lat' dir='ltr'>non</span> <span class='ocrx_word' id='word_1_510' title='bbox 614 2305 700 2326; x_wconf 80' lang='lat' dir='ltr'>ratione</span> <span class='ocrx_word' id='word_1_511' title='bbox 717 2303 845 2332; x_wconf 70' lang='lat' dir='ltr'>suppositi,</span> <span class='ocrx_word' id='word_1_512' title='bbox 865 2303 905 2324; x_wconf 77' lang='lat' dir='ltr'>sed</span> <span class='ocrx_word' id='word_1_513' title='bbox 923 2302 1027 2331; x_wconf 73' lang='lat' dir='ltr'>formae,</span> <span class='ocrx_word' id='word_1_514' title='bbox 1043 2305 1066 2324; x_wconf 87' lang='lat' dir='ltr'>ut</span> <span class='ocrx_word' id='word_1_515' title='bbox 1077 2301 1188 2330; x_wconf 81' lang='lat' dir='ltr'>sapientia</span> 
     </span>
     <span class='ocr_line' id='line_1_74' title="bbox 345 2340 1190 2370; baseline -0.005 -5"><span class='ocrx_word' id='word_1_516' title='bbox 345 2348 379 2365; x_wconf 89' lang='grc'>051</span> <span class='ocrx_word' id='word_1_517' title='bbox 395 2343 497 2370; x_wconf 74' lang='lat' dir='ltr'>bonitas,</span> <span class='ocrx_word' id='word_1_518' title='bbox 515 2344 611 2365; x_wconf 78' lang='lat' dir='ltr'>essentia</span> <span class='ocrx_word' id='word_1_519' title='bbox 629 2346 662 2364; x_wconf 85' lang='lat' dir='ltr'>est</span> <span class='ocrx_word' id='word_1_520' title='bbox 675 2343 746 2364; x_wconf 73' lang='lat' dir='ltr'>Pater.</span> <span class='ocrx_word' id='word_1_521' title='bbox 764 2342 824 2363; x_wconf 76' lang='lat' dir='ltr'>llaec</span> <span class='ocrx_word' id='word_1_522' title='bbox 835 2341 928 2369; x_wconf 84' lang='lat' dir='ltr'>proprie</span> <span class='ocrx_word' id='word_1_523' title='bbox 942 2347 985 2362; x_wconf 92' lang='lat' dir='ltr'>non</span> <span class='ocrx_word' id='word_1_524' title='bbox 1003 2341 1096 2362; x_wconf 73' lang='grc'>11110110</span> <span class='ocrx_word' id='word_1_525' title='bbox 1109 2340 1190 2362; x_wconf 88' lang='lat' dir='ltr'>creatis</span> 
     </span>
     <span class='ocr_line' id='line_1_75' title="bbox 345 2379 1189 2411; baseline -0.005 -7"><span class='ocrx_word' id='word_1_526' title='bbox 345 2383 377 2409; x_wconf 72' lang='lat' dir='ltr'>td.</span> <span class='ocrx_word' id='word_1_527' title='bbox 395 2383 416 2404; x_wconf 59' lang='grc' dir='ltr'>δ’.</span> <span class='ocrx_word' id='word_1_528' title='bbox 435 2390 454 2404; x_wconf 86' lang='lat' dir='ltr'>a.</span> <span class='ocrx_word' id='word_1_529' title='bbox 477 2383 493 2404; x_wconf 93' lang='lat' dir='ltr'>l.</span> <span class='ocrx_word' id='word_1_530' title='bbox 511 2389 533 2411; x_wconf 90' lang='lat' dir='ltr'>q.</span> <span class='ocrx_word' id='word_1_531' title='bbox 556 2383 572 2404; x_wconf 96' lang='grc'>1.</span> <span class='ocrx_word' id='word_1_532' title='bbox 591 2382 620 2404; x_wconf 90' lang='lat' dir='ltr'>ad</span> <span class='ocrx_word' id='word_1_533' title='bbox 638 2383 676 2409; x_wconf 71' lang='grc'>2.),</span> <span class='ocrx_word' id='word_1_534' title='bbox 694 2381 735 2403; x_wconf 86' lang='lat' dir='ltr'>sed</span> <span class='ocrx_word' id='word_1_535' title='bbox 753 2382 865 2403; x_wconf 70' lang='lat' dir='ltr'>veraciter</span> <span class='ocrx_word' id='word_1_536' title='bbox 882 2380 1005 2402; x_wconf 76' lang='lat' dir='ltr'>adhibetur</span> <span class='ocrx_word' id='word_1_537' title='bbox 1022 2380 1042 2401; x_wconf 93' lang='lat' dir='ltr'>in</span> <span class='ocrx_word' id='word_1_538' title='bbox 1061 2379 1145 2401; x_wconf 71' lang='lat' dir='ltr'>divinis</span> <span class='ocrx_word' id='word_1_539' title='bbox 1158 2379 1189 2405; x_wconf 90' lang='lat' dir='ltr'>(d.</span> 
     </span>
     <span class='ocr_line' id='line_1_76' title="bbox 346 2418 1191 2450; baseline -0.006 -6"><span class='ocrx_word' id='word_1_540' title='bbox 346 2422 382 2444; x_wconf 64' lang='lat'>34.</span> <span class='ocrx_word' id='word_1_541' title='bbox 401 2429 421 2450; x_wconf 88' lang='grc'>11.</span> <span class='ocrx_word' id='word_1_542' title='bbox 441 2423 479 2449; x_wconf 73' lang='grc'>2.),</span> <span class='ocrx_word' id='word_1_543' title='bbox 497 2423 547 2444; x_wconf 82' lang='lat' dir='ltr'>sive</span> <span class='ocrx_word' id='word_1_544' title='bbox 565 2423 620 2443; x_wconf 84' lang='lat' dir='ltr'>haec</span> <span class='ocrx_word' id='word_1_545' title='bbox 637 2422 680 2443; x_wconf 87' lang='lat' dir='ltr'>sint</span> <span class='ocrx_word' id='word_1_546' title='bbox 698 2421 759 2442; x_wconf 83' lang='lat' dir='ltr'>idem</span> <span class='ocrx_word' id='word_1_547' title='bbox 777 2419 906 2442; x_wconf 85' lang='lat' dir='ltr'>secundum</span> <span class='ocrx_word' id='word_1_548' title='bbox 924 2419 1087 2445; x_wconf 78' lang='lat' dir='ltr'>substantiam,</span> <span class='ocrx_word' id='word_1_549' title='bbox 1114 2421 1134 2439; x_wconf 87' lang='lat' dir='ltr'>at</span> <span class='ocrx_word' id='word_1_550' title='bbox 1157 2418 1191 2440; x_wconf 88' lang='lat' dir='ltr'>di-</span> 
     </span>
     <span class='ocr_line' id='line_1_77' title="bbox 345 2458 1189 2487; baseline -0.005 -4"><span class='ocrx_word' id='word_1_551' title='bbox 345 2467 438 2483; x_wconf 71' lang='lat' dir='ltr'>versum</span> <span class='ocrx_word' id='word_1_552' title='bbox 452 2461 581 2483; x_wconf 72' lang='lat' dir='ltr'>secundnm</span> <span class='ocrx_word' id='word_1_553' title='bbox 594 2461 705 2482; x_wconf 87' lang='lat' dir='ltr'>rationem</span> <span class='ocrx_word' id='word_1_554' title='bbox 717 2459 857 2487; x_wconf 79' lang='lat' dir='ltr'>intelligendi</span> <span class='ocrx_word' id='word_1_555' title='bbox 870 2459 904 2485; x_wconf 75' lang='lat' dir='ltr'>(ut</span> <span class='ocrx_word' id='word_1_556' title='bbox 916 2458 1005 2480; x_wconf 76' lang='lat' dir='ltr'>bonitas</span> <span class='ocrx_word' id='word_1_557' title='bbox 1017 2461 1051 2480; x_wconf 79' lang='lat' dir='ltr'>est</span> <span class='ocrx_word' id='word_1_558' title='bbox 1062 2458 1189 2485; x_wconf 56' lang='lat' dir='ltr'>sapientiaj.</span> 
     </span>
    </p>
   </div>
   <div class='ocr_carea' id='block_1_10' title="bbox 411 2702 1221 2735">
    <p class='ocr_par' dir='ltr' id='par_1_14' title="bbox 411 2702 1221 2735">
     <span class='ocr_line' id='line_1_78' title="bbox 411 2702 1221 2735; baseline -0.004 -7"><span class='ocrx_word' id='word_1_559' title='bbox 411 2707 418 2721; x_wconf 79' lang='lat'>1</span> <span class='ocrx_word' id='word_1_560' title='bbox 439 2707 487 2729; x_wconf 61' lang='lat' dir='ltr'>vat.</span> <span class='ocrx_word' id='word_1_561' title='bbox 506 2712 629 2735; x_wconf 83' lang='lat' dir='ltr'>pei-peram</span> <span class='ocrx_word' id='word_1_562' title='bbox 645 2704 776 2735; x_wconf 71' lang='lat' dir='ltr'>praedicati</span> <span class='ocrx_word' id='word_1_563' title='bbox 792 2708 869 2727; x_wconf 83' lang='lat' dir='ltr'>contra</span> <span class='ocrx_word' id='word_1_564' title='bbox 887 2704 954 2726; x_wconf 85' lang='lat' dir='ltr'>codd.</span> <span class='ocrx_word' id='word_1_565' title='bbox 972 2706 993 2726; x_wconf 85' lang='lat' dir='ltr'>et</span> <span class='ocrx_word' id='word_1_566' title='bbox 1010 2704 1065 2726; x_wconf 87' lang='lat' dir='ltr'>alias</span> <span class='ocrx_word' id='word_1_567' title='bbox 1082 2709 1121 2726; x_wconf 84' lang='lat' dir='ltr'>sex</span> <span class='ocrx_word' id='word_1_568' title='bbox 1138 2703 1191 2725; x_wconf 84' lang='lat' dir='ltr'>edd.</span> <span class='ocrx_word' id='word_1_569' title='bbox 1219 2702 1221 2709; x_wconf 84' lang='lat'>¹</span> 
     </span>
    </p>
   </div>
   <div class='ocr_carea' id='block_1_11' title="bbox 347 2743 1192 2970">
    <p class='ocr_par' dir='ltr' id='par_1_15' title="bbox 347 2743 1192 2970">
     <span class='ocr_line' id='line_1_79' title="bbox 347 2743 1192 2772; baseline -0.006 -3"><span class='ocrx_word' id='word_1_570' title='bbox 347 2759 378 2763; x_wconf 88' lang='lat'><strong>—</strong></span> <span class='ocrx_word' id='word_1_571' title='bbox 389 2746 524 2769; x_wconf 74' lang='lat' dir='ltr'>Subiectum</span> <span class='ocrx_word' id='word_1_572' title='bbox 536 2745 608 2768; x_wconf 74' lang='lat' dir='ltr'>Pater</span> <span class='ocrx_word' id='word_1_573' title='bbox 619 2747 740 2772; x_wconf 85' lang='lat' dir='ltr'>acceptum</span> <span class='ocrx_word' id='word_1_574' title='bbox 758 2744 887 2766; x_wconf 84' lang='lat' dir='ltr'>secundum</span> <span class='ocrx_word' id='word_1_575' title='bbox 907 2744 1103 2771; x_wconf 83' lang='lat' dir='ltr'>comparationem</span> <span class='ocrx_word' id='word_1_576' title='bbox 1116 2743 1192 2772; x_wconf 75' lang='lat' dir='ltr'>pater-</span> 
     </span>
     <span class='ocr_line' id='line_1_80' title="bbox 347 2782 1191 2808; baseline -0.006 0"><span class='ocrx_word' id='word_1_577' title='bbox 347 2785 429 2808; x_wconf 65' lang='lat' dir='ltr'>nitatis</span> <span class='ocrx_word' id='word_1_578' title='bbox 445 2786 482 2807; x_wconf 70' lang='lat' dir='ltr'>x&#39;el</span> <span class='ocrx_word' id='word_1_579' title='bbox 501 2784 690 2807; x_wconf 75' lang='lat' dir='ltr'>innascibilitatis</span> <span class='ocrx_word' id='word_1_580' title='bbox 706 2790 751 2806; x_wconf 86' lang='lat' dir='ltr'>non</span> <span class='ocrx_word' id='word_1_581' title='bbox 764 2783 818 2806; x_wconf 85' lang='lat' dir='ltr'>dicit</span> <span class='ocrx_word' id='word_1_582' title='bbox 835 2783 959 2805; x_wconf 80' lang='lat' dir='ltr'>formaliter</span> <span class='ocrx_word' id='word_1_583' title='bbox 976 2783 1044 2805; x_wconf 81' lang='lat' dir='ltr'>idem.</span> <span class='ocrx_word' id='word_1_584' title='bbox 1060 2782 1108 2804; x_wconf 86' lang='lat' dir='ltr'>Hoc</span> <span class='ocrx_word' id='word_1_585' title='bbox 1120 2782 1191 2804; x_wconf 87' lang='lat' dir='ltr'>innuit</span> 
     </span>
     <span class='ocr_line' id='line_1_81' title="bbox 348 2819 1192 2852; baseline -0.005 -6"><span class='ocrx_word' id='word_1_586' title='bbox 348 2824 398 2846; x_wconf 87' lang='lat' dir='ltr'>cod.</span> <span class='ocrx_word' id='word_1_587' title='bbox 418 2824 461 2851; x_wconf 80' lang='lat' dir='ltr'>W,</span> <span class='ocrx_word' id='word_1_588' title='bbox 479 2825 518 2852; x_wconf 85' lang='lat' dir='ltr'>qui</span> <span class='ocrx_word' id='word_1_589' title='bbox 535 2824 586 2845; x_wconf 73' lang='lat' dir='ltr'>voci</span> <span class='ocrx_word' id='word_1_590' title='bbox 602 2822 714 2851; x_wconf 71' lang='lat' dir='ltr'>principii</span> <span class='ocrx_word' id='word_1_591' title='bbox 725 2822 828 2850; x_wconf 85' lang='lat' dir='ltr'>adiungit</span> <span class='ocrx_word' id='word_1_592' title='bbox 840 2821 876 2844; x_wconf 73' lang='lat' dir='ltr'>vet</span> <span class='ocrx_word' id='word_1_593' title='bbox 886 2821 934 2844; x_wconf 77' lang='lat' dir='ltr'>sive</span> <span class='ocrx_word' id='word_1_594' title='bbox 943 2820 1128 2849; x_wconf 57' lang='lat' dir='ltr'>comparationis</span> <span class='ocrx_word' id='word_1_595' title='bbox 1144 2819 1192 2842; x_wconf 78' lang='lat' dir='ltr'>sire</span> 
     </span>
     <span class='ocr_line' id='line_1_82' title="bbox 348 2859 1192 2892; baseline -0.006 -6"><span class='ocrx_word' id='word_1_596' title='bbox 348 2864 483 2892; x_wconf 75' lang='lat' dir='ltr'>respectus;</span> <span class='ocrx_word' id='word_1_597' title='bbox 494 2863 555 2884; x_wconf 90' lang='lat' dir='ltr'>idem</span> <span class='ocrx_word' id='word_1_598' title='bbox 568 2862 619 2884; x_wconf 69' lang='lat' dir='ltr'>cod.</span> <span class='ocrx_word' id='word_1_599' title='bbox 632 2862 700 2890; x_wconf 86' lang='lat' dir='ltr'>paulo</span> <span class='ocrx_word' id='word_1_600' title='bbox 712 2862 806 2883; x_wconf 83' lang='lat' dir='ltr'>interius</span> <span class='ocrx_word' id='word_1_601' title='bbox 818 2864 869 2889; x_wconf 84' lang='lat' dir='ltr'>post</span> <span class='ocrx_word' id='word_1_602' title='bbox 886 2860 1017 2889; x_wconf 75' lang='lat' dir='ltr'>acceptioue</span> <span class='ocrx_word' id='word_1_603' title='bbox 1035 2859 1107 2888; x_wconf 86' lang='lat' dir='ltr'>(quod</span> <span class='ocrx_word' id='word_1_604' title='bbox 1119 2866 1131 2881; x_wconf 87' lang='lat' dir='ltr'>a</span> <span class='ocrx_word' id='word_1_605' title='bbox 1144 2860 1192 2887; x_wconf 88' lang='lat' dir='ltr'>ptu-</span> 
     </span>
     <span class='ocr_line' id='line_1_83' title="bbox 348 2898 1190 2929; baseline -0.006 -5"><span class='ocrx_word' id='word_1_606' title='bbox 348 2903 412 2925; x_wconf 85' lang='lat' dir='ltr'>rimis</span> <span class='ocrx_word' id='word_1_607' title='bbox 429 2908 483 2924; x_wconf 86' lang='lat' dir='ltr'>mss.</span> <span class='ocrx_word' id='word_1_608' title='bbox 501 2901 620 2929; x_wconf 79' lang='lat' dir='ltr'>omittitur)</span> <span class='ocrx_word' id='word_1_609' title='bbox 638 2900 701 2923; x_wconf 86' lang='lat' dir='ltr'>addit</span> <span class='ocrx_word' id='word_1_610' title='bbox 718 2899 755 2922; x_wconf 73' lang='lat' dir='ltr'>vel</span> <span class='ocrx_word' id='word_1_611' title='bbox 770 2899 960 2928; x_wconf 70' lang='lat' dir='ltr'>comparatione,</span> <span class='ocrx_word' id='word_1_612' title='bbox 980 2899 1072 2921; x_wconf 83' lang='lat' dir='ltr'>insimul</span> <span class='ocrx_word' id='word_1_613' title='bbox 1084 2898 1190 2920; x_wconf 84' lang='lat' dir='ltr'>voculam</span> 
     </span>
     <span class='ocr_line' id='line_1_84' title="bbox 347 2939 1062 2970; baseline -0.006 -6"><span class='ocrx_word' id='word_1_614' title='bbox 347 2941 415 2969; x_wconf 79' lang='lat' dir='ltr'>sola,</span> <span class='ocrx_word' id='word_1_615' title='bbox 435 2948 494 2970; x_wconf 88' lang='lat' dir='ltr'>quae</span> <span class='ocrx_word' id='word_1_616' title='bbox 512 2942 595 2969; x_wconf 73' lang='lat' dir='ltr'>praeit,</span> <span class='ocrx_word' id='word_1_617' title='bbox 613 2946 666 2962; x_wconf 79' lang='lat' dir='ltr'>eum</span> <span class='ocrx_word' id='word_1_618' title='bbox 684 2939 750 2961; x_wconf 76' lang='lat' dir='ltr'>codd.</span> <span class='ocrx_word' id='word_1_619' title='bbox 769 2939 812 2967; x_wconf 71' lang='lat' dir='ltr'>PQ</span> <span class='ocrx_word' id='word_1_620' title='bbox 829 2940 953 2960; x_wconf 85' lang='lat' dir='ltr'>immutans</span> <span class='ocrx_word' id='word_1_621' title='bbox 970 2939 991 2960; x_wconf 91' lang='lat' dir='ltr'>in</span> <span class='ocrx_word' id='word_1_622' title='bbox 1009 2944 1062 2961; x_wconf 75' lang='grc'>31111.</span> 
     </span>
    </p>
   </div>
   <div class='ocr_carea' id='block_1_12' title="bbox 1214 1678 1220 2481">
    <p class='ocr_par' dir='ltr' id='par_1_16' title="bbox 1214 1678 1220 2481">
     <span class='ocr_line' id='line_1_85' title="bbox 1214 1678 1220 2481; baseline 0 0"><span class='ocrx_word' id='word_1_623' title='bbox 1214 1678 1220 2481; x_wconf 95' lang='lat' dir='ltr'> </span> 
     </span>
    </p>
   </div>
   <div class='ocr_carea' id='block_1_13' title="bbox 1243 1678 2089 1745">
    <p class='ocr_par' dir='ltr' id='par_1_17' title="bbox 1243 1678 2089 1745">
     <span class='ocr_line' id='line_1_86' title="bbox 1243 1678 2089 1705; baseline 0.001 -6"><span class='ocrx_word' id='word_1_624' title='bbox 1243 1678 1292 1699; x_wconf 78' lang='lat' dir='ltr'>sive</span> <span class='ocrx_word' id='word_1_625' title='bbox 1309 1678 1351 1700; x_wconf 90' lang='lat' dir='ltr'>sint</span> <span class='ocrx_word' id='word_1_626' title='bbox 1370 1678 1430 1700; x_wconf 80' lang='lat' dir='ltr'>idem</span> <span class='ocrx_word' id='word_1_627' title='bbox 1448 1678 1576 1700; x_wconf 79' lang='lat' dir='ltr'>seeundum</span> <span class='ocrx_word' id='word_1_628' title='bbox 1594 1678 1756 1705; x_wconf 77' lang='lat' dir='ltr'>substantiam,</span> <span class='ocrx_word' id='word_1_629' title='bbox 1770 1679 1889 1700; x_wconf 78' lang='lat' dir='ltr'>diversum</span> <span class='ocrx_word' id='word_1_630' title='bbox 1901 1678 2030 1700; x_wconf 77' lang='lat' dir='ltr'>seeundum</span> <span class='ocrx_word' id='word_1_631' title='bbox 2043 1684 2089 1701; x_wconf 87' lang='lat' dir='ltr'>mo-</span> 
     </span>
     <span class='ocr_line' id='line_1_87' title="bbox 1244 1716 2087 1745; baseline 0.001 -7"><span class='ocrx_word' id='word_1_632' title='bbox 1244 1716 1299 1738; x_wconf 90' lang='lat' dir='ltr'>dum</span> <span class='ocrx_word' id='word_1_633' title='bbox 1318 1724 1342 1739; x_wconf 82' lang='lat' dir='ltr'>se</span> <span class='ocrx_word' id='word_1_634' title='bbox 1361 1717 1460 1739; x_wconf 86' lang='lat' dir='ltr'>habendi</span> <span class='ocrx_word' id='word_1_635' title='bbox 1478 1718 1514 1739; x_wconf 75' lang='lat' dir='ltr'>vet</span> <span class='ocrx_word' id='word_1_636' title='bbox 1533 1723 1577 1739; x_wconf 88' lang='lat' dir='ltr'>non</span> <span class='ocrx_word' id='word_1_637' title='bbox 1590 1723 1614 1739; x_wconf 83' lang='lat' dir='ltr'>se</span> <span class='ocrx_word' id='word_1_638' title='bbox 1627 1717 1737 1745; x_wconf 81' lang='lat' dir='ltr'>habendi,</span> <span class='ocrx_word' id='word_1_639' title='bbox 1757 1721 1780 1739; x_wconf 95' lang='lat' dir='ltr'>ut</span> <span class='ocrx_word' id='word_1_640' title='bbox 1798 1723 1896 1745; x_wconf 83' lang='lat' dir='ltr'>persona</span> <span class='ocrx_word' id='word_1_641' title='bbox 1914 1720 1935 1739; x_wconf 88' lang='lat' dir='ltr'>et</span> <span class='ocrx_word' id='word_1_642' title='bbox 1951 1717 2087 1740; x_wconf 86' lang='lat' dir='ltr'>substantia.</span> 
     </span>
    </p>
   </div>
   <div class='ocr_carea' id='block_1_14' title="bbox 1243 1755 2125 1783">
    <p class='ocr_par' dir='ltr' id='par_1_18' title="bbox 1243 1755 2125 1783">
     <span class='ocr_line' id='line_1_88' title="bbox 1243 1755 2125 1783; baseline 0.001 -6"><span class='ocrx_word' id='word_1_643' title='bbox 1243 1755 1307 1783; x_wconf 84' lang='lat' dir='ltr'>(ibid.</span> <span class='ocrx_word' id='word_1_644' title='bbox 1326 1756 1354 1777; x_wconf 85' lang='lat' dir='ltr'>ad</span> <span class='ocrx_word' id='word_1_645' title='bbox 1372 1756 1411 1783; x_wconf 73' lang='lat'>5.)</span> <span class='ocrx_word' id='word_1_646' title='bbox 1430 1756 1517 1778; x_wconf 83' lang='lat' dir='ltr'>Tamen</span> <span class='ocrx_word' id='word_1_647' title='bbox 1536 1756 1677 1783; x_wconf 84' lang='lat' dir='ltr'>praedicatio</span> <span class='ocrx_word' id='word_1_648' title='bbox 1695 1762 1735 1783; x_wconf 87' lang='lat' dir='ltr'>per</span> <span class='ocrx_word' id='word_1_649' title='bbox 1753 1756 1893 1778; x_wconf 84' lang='lat' dir='ltr'>identitatem</span> <span class='ocrx_word' id='word_1_650' title='bbox 1912 1757 1988 1778; x_wconf 89' lang='lat' dir='ltr'>minus</span> <span class='ocrx_word' id='word_1_651' title='bbox 2010 1760 2086 1779; x_wconf 79' lang='lat' dir='ltr'>servat</span> <span class='ocrx_word' id='word_1_652' title='bbox 2117 1776 2125 1782; x_wconf 83' lang='lat'><em>,</em></span> 
     </span>
    </p>
   </div>
   <div class='ocr_carea' id='block_1_15' title="bbox 1242 1794 2092 2484">
    <p class='ocr_par' dir='ltr' id='par_1_19' title="bbox 1243 1794 2088 1823">
     <span class='ocr_line' id='line_1_89' title="bbox 1243 1794 2088 1823; baseline 0.001 -7"><span class='ocrx_word' id='word_1_653' title='bbox 1243 1796 1407 1823; x_wconf 80' lang='lat' dir='ltr'>proprietatem</span> <span class='ocrx_word' id='word_1_654' title='bbox 1420 1795 1596 1822; x_wconf 82' lang='lat' dir='ltr'>praedicationis</span> <span class='ocrx_word' id='word_1_655' title='bbox 1608 1801 1678 1823; x_wconf 91' lang='lat' dir='ltr'>quam</span> <span class='ocrx_word' id='word_1_656' title='bbox 1691 1795 1760 1817; x_wconf 80' lang='lat' dir='ltr'>altera</span> <span class='ocrx_word' id='word_1_657' title='bbox 1774 1795 1816 1822; x_wconf 87' lang='grc' dir='ltr'>(ΙΙΙ.</span> <span class='ocrx_word' id='word_1_658' title='bbox 1830 1796 1891 1817; x_wconf 74' lang='lat' dir='ltr'>Seni.</span> <span class='ocrx_word' id='word_1_659' title='bbox 1909 1795 1932 1817; x_wconf 85' lang='lat' dir='ltr'>d.</span> <span class='ocrx_word' id='word_1_660' title='bbox 1945 1794 1966 1816; x_wconf 80' lang='lat'>5.</span> <span class='ocrx_word' id='word_1_661' title='bbox 1979 1794 2036 1817; x_wconf 84' lang='lat' dir='ltr'>duh.</span> <span class='ocrx_word' id='word_1_662' title='bbox 2050 1795 2088 1823; x_wconf 77' lang='grc'>4.).</span> 
     </span>
    </p>

    <p class='ocr_par' dir='ltr' id='par_1_20' title="bbox 1242 1833 2092 2213">
     <span class='ocr_line' id='line_1_90' title="bbox 1307 1833 2089 1856; baseline 0.001 -1"><span class='ocrx_word' id='word_1_663' title='bbox 1307 1834 1446 1855; x_wconf 84' lang='lat' dir='ltr'>Praedieatio</span> <span class='ocrx_word' id='word_1_664' title='bbox 1464 1833 1634 1855; x_wconf 61' lang='lat' dir='ltr'>denominativa</span> <span class='ocrx_word' id='word_1_665' title='bbox 1652 1833 1676 1855; x_wconf 83' lang='lat' dir='ltr'>fit</span> <span class='ocrx_word' id='word_1_666' title='bbox 1692 1834 1713 1855; x_wconf 92' lang='lat' dir='ltr'>in</span> <span class='ocrx_word' id='word_1_667' title='bbox 1732 1833 1805 1855; x_wconf 80' lang='lat' dir='ltr'>forma</span> <span class='ocrx_word' id='word_1_668' title='bbox 1831 1837 1936 1856; x_wconf 85' lang='lat' dir='ltr'>concreta</span> <span class='ocrx_word' id='word_1_669' title='bbox 1958 1837 1980 1856; x_wconf 88' lang='grc'>01</span> <span class='ocrx_word' id='word_1_670' title='bbox 2003 1834 2089 1856; x_wconf 77' lang='lat' dir='ltr'>tattone</span> 
     </span>
     <span class='ocr_line' id='line_1_91' title="bbox 1244 1872 2089 1901; baseline 0.002 -7"><span class='ocrx_word' id='word_1_671' title='bbox 1244 1874 1364 1901; x_wconf 83' lang='lat' dir='ltr'>suppositi.</span> <span class='ocrx_word' id='word_1_672' title='bbox 1376 1873 1436 1894; x_wconf 86' lang='lat' dir='ltr'>Haec</span> <span class='ocrx_word' id='word_1_673' title='bbox 1448 1872 1483 1899; x_wconf 82' lang='lat' dir='ltr'>(ut</span> <span class='ocrx_word' id='word_1_674' title='bbox 1493 1872 1576 1894; x_wconf 89' lang='lat' dir='ltr'>dicitur</span> <span class='ocrx_word' id='word_1_675' title='bbox 1590 1873 1620 1894; x_wconf 87' lang='grc' dir='ltr'>ΙΙΙ.</span> <span class='ocrx_word' id='word_1_676' title='bbox 1633 1873 1693 1894; x_wconf 81' lang='lat' dir='ltr'>Sent.</span> <span class='ocrx_word' id='word_1_677' title='bbox 1707 1872 1728 1894; x_wconf 89' lang='lat' dir='ltr'>d.</span> <span class='ocrx_word' id='word_1_678' title='bbox 1742 1873 1763 1894; x_wconf 79' lang='lat'>6.</span> <span class='ocrx_word' id='word_1_679' title='bbox 1776 1879 1795 1894; x_wconf 85' lang='lat' dir='ltr'>a.</span> <span class='ocrx_word' id='word_1_680' title='bbox 1813 1872 1829 1894; x_wconf 91' lang='grc'>1.</span> <span class='ocrx_word' id='word_1_681' title='bbox 1843 1879 1864 1900; x_wconf 90' lang='lat' dir='ltr'>q.</span> <span class='ocrx_word' id='word_1_682' title='bbox 1878 1872 1898 1894; x_wconf 89' lang='lat'>3.</span> <span class='ocrx_word' id='word_1_683' title='bbox 1909 1872 1939 1895; x_wconf 89' lang='lat' dir='ltr'>ad</span> <span class='ocrx_word' id='word_1_684' title='bbox 1952 1872 1982 1901; x_wconf 77' lang='lat'>4.)</span> <span class='ocrx_word' id='word_1_685' title='bbox 1995 1881 2005 1893; x_wconf 68' lang='grc' dir='ltr'>α</span> <span class='ocrx_word' id='word_1_686' title='bbox 2015 1876 2089 1901; x_wconf 87' lang='lat' dir='ltr'>potest</span> 
     </span>
     <span class='ocr_line' id='line_1_92' title="bbox 1244 1911 2089 1940; baseline 0 -6"><span class='ocrx_word' id='word_1_687' title='bbox 1244 1918 1294 1934; x_wconf 86' lang='lat' dir='ltr'>esse</span> <span class='ocrx_word' id='word_1_688' title='bbox 1312 1914 1410 1940; x_wconf 81' lang='lat' dir='ltr'>quatuor</span> <span class='ocrx_word' id='word_1_689' title='bbox 1427 1911 1513 1933; x_wconf 74' lang='lat' dir='ltr'>modis:</span> <span class='ocrx_word' id='word_1_690' title='bbox 1532 1918 1573 1939; x_wconf 87' lang='lat' dir='ltr'>per</span> <span class='ocrx_word' id='word_1_691' title='bbox 1591 1911 1687 1933; x_wconf 88' lang='lat' dir='ltr'>modum</span> <span class='ocrx_word' id='word_1_692' title='bbox 1705 1911 1867 1934; x_wconf 73' lang='lat' dir='ltr'>inhaerentiae</span> <span class='ocrx_word' id='word_1_693' title='bbox 1879 1912 1928 1933; x_wconf 76' lang='lat' dir='ltr'>sire</span> <span class='ocrx_word' id='word_1_694' title='bbox 1940 1912 2089 1939; x_wconf 73' lang='lat' dir='ltr'>posmodum</span> 
     </span>
     <span class='ocr_line' id='line_1_93' title="bbox 1244 1950 2090 1978; baseline 0.001 -6"><span class='ocrx_word' id='word_1_695' title='bbox 1244 1950 1378 1978; x_wconf 79' lang='lat' dir='ltr'>accidentis,</span> <span class='ocrx_word' id='word_1_696' title='bbox 1397 1952 1421 1972; x_wconf 88' lang='lat' dir='ltr'>ut</span> <span class='ocrx_word' id='word_1_697' title='bbox 1438 1956 1491 1972; x_wconf 83' lang='lat' dir='ltr'>cnm</span> <span class='ocrx_word' id='word_1_698' title='bbox 1509 1950 1604 1972; x_wconf 86' lang='lat' dir='ltr'>dicitur:</span> <span class='ocrx_word' id='word_1_699' title='bbox 1622 1951 1663 1972; x_wconf 86' lang='lat' dir='ltr'>iste</span> <span class='ocrx_word' id='word_1_700' title='bbox 1680 1954 1714 1973; x_wconf 89' lang='lat' dir='ltr'>est</span> <span class='ocrx_word' id='word_1_701' title='bbox 1731 1950 1810 1978; x_wconf 80' lang='lat' dir='ltr'>atbus3</span> <span class='ocrx_word' id='word_1_702' title='bbox 1834 1956 1876 1978; x_wconf 86' lang='lat' dir='ltr'>per</span> <span class='ocrx_word' id='word_1_703' title='bbox 1899 1950 1995 1973; x_wconf 85' lang='lat' dir='ltr'>modum</span> <span class='ocrx_word' id='word_1_704' title='bbox 2014 1951 2090 1973; x_wconf 63' lang='lat' dir='ltr'>trans&lt;</span> 
     </span>
     <span class='ocr_line' id='line_1_94' title="bbox 1244 1989 2089 2017; baseline -0.001 -5"><span class='ocrx_word' id='word_1_705' title='bbox 1244 1989 1393 2017; x_wconf 69' lang='lat' dir='ltr'>mutationis,</span> <span class='ocrx_word' id='word_1_706' title='bbox 1414 1993 1438 2012; x_wconf 88' lang='lat' dir='ltr'>ut</span> <span class='ocrx_word' id='word_1_707' title='bbox 1455 1995 1508 2011; x_wconf 86' lang='lat' dir='ltr'>cum</span> <span class='ocrx_word' id='word_1_708' title='bbox 1526 1989 1620 2012; x_wconf 88' lang='lat' dir='ltr'>dicitur:</span> <span class='ocrx_word' id='word_1_709' title='bbox 1639 1989 1717 2011; x_wconf 79' lang='lat' dir='ltr'>Petrus</span> <span class='ocrx_word' id='word_1_710' title='bbox 1735 1991 1769 2011; x_wconf 90' lang='lat' dir='ltr'>est</span> <span class='ocrx_word' id='word_1_711' title='bbox 1786 1989 1915 2017; x_wconf 81' lang='lat' dir='ltr'>dealbatus;</span> <span class='ocrx_word' id='word_1_712' title='bbox 1933 1995 1975 2017; x_wconf 77' lang='lat' dir='ltr'>per</span> <span class='ocrx_word' id='word_1_713' title='bbox 1992 1989 2089 2011; x_wconf 89' lang='lat' dir='ltr'>modum</span> 
     </span>
     <span class='ocr_line' id='line_1_95' title="bbox 1242 2027 2089 2057; baseline -0.001 -6"><span class='ocrx_word' id='word_1_714' title='bbox 1242 2028 1407 2057; x_wconf 68' lang='lat' dir='ltr'>possessionis,</span> <span class='ocrx_word' id='word_1_715' title='bbox 1436 2031 1460 2050; x_wconf 85' lang='grc'>01</span> <span class='ocrx_word' id='word_1_716' title='bbox 1485 2034 1537 2050; x_wconf 83' lang='lat' dir='ltr'>curn</span> <span class='ocrx_word' id='word_1_717' title='bbox 1565 2028 1659 2050; x_wconf 78' lang='lat' dir='ltr'>dicitur:</span> <span class='ocrx_word' id='word_1_718' title='bbox 1682 2029 1760 2050; x_wconf 80' lang='lat' dir='ltr'>asinus</span> <span class='ocrx_word' id='word_1_719' title='bbox 1787 2028 1901 2055; x_wconf 82' lang='lat' dir='ltr'>Socratis;</span> <span class='ocrx_word' id='word_1_720' title='bbox 1928 2033 1970 2055; x_wconf 81' lang='lat' dir='ltr'>per</span> <span class='ocrx_word' id='word_1_721' title='bbox 1992 2027 2089 2050; x_wconf 85' lang='lat' dir='ltr'>modum</span> 
     </span>
     <span class='ocr_line' id='line_1_96' title="bbox 1245 2066 2092 2095; baseline 0 -6"><span class='ocrx_word' id='word_1_722' title='bbox 1245 2067 1352 2095; x_wconf 71' lang='lat' dir='ltr'>unionis,</span> <span class='ocrx_word' id='word_1_723' title='bbox 1372 2070 1395 2089; x_wconf 92' lang='lat' dir='ltr'>ut</span> <span class='ocrx_word' id='word_1_724' title='bbox 1408 2073 1461 2089; x_wconf 84' lang='lat' dir='ltr'>cuni</span> <span class='ocrx_word' id='word_1_725' title='bbox 1479 2067 1562 2089; x_wconf 85' lang='lat' dir='ltr'>dicitur</span> <span class='ocrx_word' id='word_1_726' title='bbox 1579 2067 1665 2089; x_wconf 82' lang='lat' dir='ltr'>terrum</span> <span class='ocrx_word' id='word_1_727' title='bbox 1682 2068 1794 2095; x_wconf 75' lang='lat' dir='ltr'>ignitum,</span> <span class='ocrx_word' id='word_1_728' title='bbox 1808 2066 1830 2088; x_wconf 91' lang='lat' dir='ltr'>id</span> <span class='ocrx_word' id='word_1_729' title='bbox 1843 2069 1877 2088; x_wconf 87' lang='lat' dir='ltr'>est</span> <span class='ocrx_word' id='word_1_730' title='bbox 1894 2066 1941 2094; x_wconf 80' lang='lat' dir='ltr'>igni</span> <span class='ocrx_word' id='word_1_731' title='bbox 1954 2067 2057 2094; x_wconf 73' lang='lat' dir='ltr'>unitum,</span> <span class='ocrx_word' id='word_1_732' title='bbox 2070 2069 2092 2089; x_wconf 91' lang='grc'>01</span> 
     </span>
     <span class='ocr_line' id='line_1_97' title="bbox 1245 2105 2092 2134; baseline 0.001 -6"><span class='ocrx_word' id='word_1_733' title='bbox 1245 2112 1329 2134; x_wconf 87' lang='lat' dir='ltr'>corpus</span> <span class='ocrx_word' id='word_1_734' title='bbox 1346 2107 1471 2128; x_wconf 78' lang='lat' dir='ltr'>animatum</span> <span class='ocrx_word' id='word_1_735' title='bbox 1482 2124 1487 2133; x_wconf 86' lang='lat'><strong>‚</strong></span> <span class='ocrx_word' id='word_1_736' title='bbox 1505 2106 1529 2128; x_wconf 85' lang='lat' dir='ltr'>id</span> <span class='ocrx_word' id='word_1_737' title='bbox 1546 2108 1580 2128; x_wconf 86' lang='lat' dir='ltr'>est</span> <span class='ocrx_word' id='word_1_738' title='bbox 1596 2106 1686 2128; x_wconf 84' lang='lat' dir='ltr'>animae</span> <span class='ocrx_word' id='word_1_739' title='bbox 1703 2106 1793 2127; x_wconf 91' lang='lat' dir='ltr'>unitum</span> <span class='ocrx_word' id='word_1_740' title='bbox 1803 2113 1825 2127; x_wconf 71' lang='lat' dir='ltr'>n.</span> <span class='ocrx_word' id='word_1_741' title='bbox 1836 2117 1867 2121; x_wconf 90' lang='lat'>—</span> <span class='ocrx_word' id='word_1_742' title='bbox 1885 2105 2030 2127; x_wconf 85' lang='lat' dir='ltr'>Vocabulum</span> <span class='ocrx_word' id='word_1_743' title='bbox 2053 2105 2092 2129; x_wconf 78' lang='lat' dir='ltr'>de-</span> 
     </span>
     <span class='ocr_line' id='line_1_98' title="bbox 1245 2144 2090 2174; baseline 0 -7"><span class='ocrx_word' id='word_1_744' title='bbox 1245 2144 1418 2168; x_wconf 70' lang='lat' dir='ltr'>nominativum</span> <span class='ocrx_word' id='word_1_745' title='bbox 1435 2148 1537 2167; x_wconf 86' lang='lat' dir='ltr'>sumtum</span> <span class='ocrx_word' id='word_1_746' title='bbox 1555 2148 1589 2167; x_wconf 85' lang='grc'>051</span> <span class='ocrx_word' id='word_1_747' title='bbox 1605 2151 1631 2166; x_wconf 79' lang='lat' dir='ltr'>ex</span> <span class='ocrx_word' id='word_1_748' title='bbox 1658 2145 1777 2167; x_wconf 69' lang='lat' dir='ltr'>Aristotele</span> <span class='ocrx_word' id='word_1_749' title='bbox 1794 2144 1836 2173; x_wconf 87' lang='lat' dir='ltr'>(De</span> <span class='ocrx_word' id='word_1_750' title='bbox 1854 2144 1995 2173; x_wconf 86' lang='lat' dir='ltr'>praedicam.</span> <span class='ocrx_word' id='word_1_751' title='bbox 2013 2151 2032 2167; x_wconf 83' lang='lat' dir='ltr'>e.</span> <span class='ocrx_word' id='word_1_752' title='bbox 2051 2145 2090 2174; x_wconf 73' lang='grc'>1.),</span> 
     </span>
     <span class='ocr_line' id='line_1_99' title="bbox 1246 2180 2060 2213; baseline 0 -8"><span class='ocrx_word' id='word_1_753' title='bbox 1246 2185 1285 2212; x_wconf 90' lang='lat' dir='ltr'>qui</span> <span class='ocrx_word' id='word_1_754' title='bbox 1302 2184 1421 2211; x_wconf 79' lang='lat' dir='ltr'>distinguit</span> <span class='ocrx_word' id='word_1_755' title='bbox 1438 2180 1556 2213; x_wconf 75' lang='grc' dir='ltr'>ὁμώνυμα,</span> <span class='ocrx_word' id='word_1_756' title='bbox 1574 2182 1701 2212; x_wconf 62' lang='grc' dir='ltr'>συνώνυμα,</span> <span class='ocrx_word' id='word_1_757' title='bbox 1719 2182 1844 2212; x_wconf 74' lang='grc' dir='ltr'>παρώνυμα</span> <span class='ocrx_word' id='word_1_758' title='bbox 1861 2183 2060 2211; x_wconf 81' lang='lat' dir='ltr'>(denominativa).</span> 
     </span>
    </p>

    <p class='ocr_par' dir='ltr' id='par_1_21' title="bbox 1245 2222 2092 2484">
     <span class='ocr_line' id='line_1_100' title="bbox 1307 2222 2088 2250; baseline 0.001 -6"><span class='ocrx_word' id='word_1_759' title='bbox 1307 2224 1338 2244; x_wconf 93' lang='lat' dir='ltr'>tlt.</span> <span class='ocrx_word' id='word_1_760' title='bbox 1355 2222 1500 2245; x_wconf 65' lang='grc'>(3001001001</span> <span class='ocrx_word' id='word_1_761' title='bbox 1516 2225 1621 2244; x_wconf 86' lang='lat' dir='ltr'>auctores</span> <span class='ocrx_word' id='word_1_762' title='bbox 1638 2223 1659 2244; x_wconf 89' lang='lat' dir='ltr'>in</span> <span class='ocrx_word' id='word_1_763' title='bbox 1677 2223 1831 2245; x_wconf 83' lang='lat' dir='ltr'>conclusione.</span> <span class='ocrx_word' id='word_1_764' title='bbox 1849 2223 1912 2244; x_wconf 82' lang='lat' dir='ltr'>Alex.</span> <span class='ocrx_word' id='word_1_765' title='bbox 1930 2223 1987 2250; x_wconf 63' lang='lat' dir='ltr'>Hal„</span> <span class='ocrx_word' id='word_1_766' title='bbox 2005 2223 2034 2245; x_wconf 84' lang='lat' dir='ltr'>de</span> <span class='ocrx_word' id='word_1_767' title='bbox 2047 2223 2088 2245; x_wconf 90' lang='lat' dir='ltr'>hac</span> 
     </span>
     <span class='ocr_line' id='line_1_101' title="bbox 1246 2261 2090 2290; baseline -0.001 -6"><span class='ocrx_word' id='word_1_768' title='bbox 1246 2265 1267 2284; x_wconf 83' lang='lat' dir='ltr'>et</span> <span class='ocrx_word' id='word_1_769' title='bbox 1279 2268 1326 2290; x_wconf 81' lang='lat' dir='ltr'>seq.</span> <span class='ocrx_word' id='word_1_770' title='bbox 1339 2268 1360 2290; x_wconf 85' lang='lat' dir='ltr'>q.</span> <span class='ocrx_word' id='word_1_771' title='bbox 1373 2262 1395 2283; x_wconf 80' lang='lat' dir='ltr'>S.</span> <span class='ocrx_word' id='word_1_772' title='bbox 1408 2268 1429 2289; x_wconf 88' lang='lat' dir='ltr'>p.</span> <span class='ocrx_word' id='word_1_773' title='bbox 1444 2262 1456 2283; x_wconf 96' lang='grc' dir='ltr'>Ι.</span> <span class='ocrx_word' id='word_1_774' title='bbox 1470 2268 1491 2290; x_wconf 85' lang='lat' dir='ltr'>q.</span> <span class='ocrx_word' id='word_1_775' title='bbox 1505 2261 1541 2283; x_wconf 82' lang='lat'>68.</span> <span class='ocrx_word' id='word_1_776' title='bbox 1554 2267 1585 2283; x_wconf 86' lang='lat' dir='ltr'>ni.</span> <span class='ocrx_word' id='word_1_777' title='bbox 1598 2261 1619 2283; x_wconf 78' lang='lat'>5.</span> <span class='ocrx_word' id='word_1_778' title='bbox 1633 2268 1652 2283; x_wconf 87' lang='lat' dir='ltr'>a.</span> <span class='ocrx_word' id='word_1_779' title='bbox 1667 2261 1687 2283; x_wconf 78' lang='grc'>4.</span> <span class='ocrx_word' id='word_1_780' title='bbox 1706 2261 1726 2283; x_wconf 84' lang='lat'>5.</span> <span class='ocrx_word' id='word_1_781' title='bbox 1745 2264 1766 2283; x_wconf 87' lang='grc'>01</span> <span class='ocrx_word' id='word_1_782' title='bbox 1779 2262 1799 2283; x_wconf 88' lang='grc'>6.</span> <span class='ocrx_word' id='word_1_783' title='bbox 1812 2262 1825 2289; x_wconf 60' lang='lat'>5</span> <span class='ocrx_word' id='word_1_784' title='bbox 1843 2262 1864 2283; x_wconf 80' lang='lat'>6.</span> <span class='ocrx_word' id='word_1_785' title='bbox 1876 2261 1984 2289; x_wconf 71' lang='lat' dir='ltr'>—500t.,</span> <span class='ocrx_word' id='word_1_786' title='bbox 1997 2261 2090 2289; x_wconf 86' lang='lat' dir='ltr'>Report.</span> 
     </span>
     <span class='ocr_line' id='line_1_102' title="bbox 1246 2300 2091 2329; baseline 0 -7"><span class='ocrx_word' id='word_1_787' title='bbox 1246 2301 1282 2323; x_wconf 92' lang='lat' dir='ltr'>hic</span> <span class='ocrx_word' id='word_1_788' title='bbox 1300 2307 1322 2329; x_wconf 87' lang='lat' dir='ltr'>q.</span> <span class='ocrx_word' id='word_1_789' title='bbox 1341 2301 1362 2322; x_wconf 87' lang='lat'>3.</span> <span class='ocrx_word' id='word_1_790' title='bbox 1379 2300 1408 2323; x_wconf 87' lang='lat' dir='ltr'>ad</span> <span class='ocrx_word' id='word_1_791' title='bbox 1426 2301 1446 2322; x_wconf 86' lang='grc'>3,</span> <span class='ocrx_word' id='word_1_792' title='bbox 1463 2312 1494 2316; x_wconf 83' lang='lat'>—</span> <span class='ocrx_word' id='word_1_793' title='bbox 1511 2301 1533 2322; x_wconf 81' lang='lat' dir='ltr'>S.</span> <span class='ocrx_word' id='word_1_794' title='bbox 1553 2300 1643 2328; x_wconf 81' lang='lat' dir='ltr'>Thom.,</span> <span class='ocrx_word' id='word_1_795' title='bbox 1662 2300 1676 2321; x_wconf 95' lang='grc' dir='ltr'>Ι.</span> <span class='ocrx_word' id='word_1_796' title='bbox 1689 2300 1749 2322; x_wconf 75' lang='lat' dir='ltr'>Seni.</span> <span class='ocrx_word' id='word_1_797' title='bbox 1768 2300 1790 2322; x_wconf 90' lang='lat' dir='ltr'>d.</span> <span class='ocrx_word' id='word_1_798' title='bbox 1804 2300 1840 2322; x_wconf 78' lang='lat'>27.</span> <span class='ocrx_word' id='word_1_799' title='bbox 1858 2307 1880 2329; x_wconf 89' lang='lat' dir='ltr'>q.</span> <span class='ocrx_word' id='word_1_800' title='bbox 1906 2301 1922 2322; x_wconf 93' lang='lat' dir='ltr'>l.</span> <span class='ocrx_word' id='word_1_801' title='bbox 1935 2307 1955 2322; x_wconf 82' lang='lat' dir='ltr'>a.</span> <span class='ocrx_word' id='word_1_802' title='bbox 1982 2301 1999 2322; x_wconf 92' lang='grc'>1.</span> <span class='ocrx_word' id='word_1_803' title='bbox 2017 2300 2046 2323; x_wconf 88' lang='lat' dir='ltr'>ad</span> <span class='ocrx_word' id='word_1_804' title='bbox 2066 2301 2091 2327; x_wconf 67' lang='lat'>3,-</span> 
     </span>
     <span class='ocr_line' id='line_1_103' title="bbox 1245 2338 2091 2368; baseline 0 -7"><span class='ocrx_word' id='word_1_805' title='bbox 1245 2340 1267 2361; x_wconf 81' lang='lat' dir='ltr'>S.</span> <span class='ocrx_word' id='word_1_806' title='bbox 1286 2340 1299 2361; x_wconf 95' lang='grc' dir='ltr'>Ι.</span> <span class='ocrx_word' id='word_1_807' title='bbox 1318 2346 1340 2368; x_wconf 83' lang='lat' dir='ltr'>q.</span> <span class='ocrx_word' id='word_1_808' title='bbox 1358 2339 1394 2361; x_wconf 70' lang='lat'>32.</span> <span class='ocrx_word' id='word_1_809' title='bbox 1413 2346 1432 2361; x_wconf 87' lang='lat' dir='ltr'>a.</span> <span class='ocrx_word' id='word_1_810' title='bbox 1445 2339 1466 2360; x_wconf 85' lang='lat'>3.</span> <span class='ocrx_word' id='word_1_811' title='bbox 1479 2339 1508 2361; x_wconf 82' lang='lat' dir='ltr'>ad</span> <span class='ocrx_word' id='word_1_812' title='bbox 1526 2339 1546 2360; x_wconf 86' lang='lat'>3.</span> <span class='ocrx_word' id='word_1_813' title='bbox 1556 2339 1619 2361; x_wconf 90' lang='lat' dir='ltr'>—B.</span> <span class='ocrx_word' id='word_1_814' title='bbox 1637 2338 1730 2365; x_wconf 68' lang='lat' dir='ltr'>Albert,</span> <span class='ocrx_word' id='word_1_815' title='bbox 1744 2340 1780 2361; x_wconf 86' lang='lat' dir='ltr'>hic</span> <span class='ocrx_word' id='word_1_816' title='bbox 1792 2346 1811 2361; x_wconf 89' lang='lat' dir='ltr'>a.</span> <span class='ocrx_word' id='word_1_817' title='bbox 1826 2338 1846 2361; x_wconf 75' lang='lat'>4.</span> <span class='ocrx_word' id='word_1_818' title='bbox 1859 2339 1880 2361; x_wconf 91' lang='grc'>7.</span> <span class='ocrx_word' id='word_1_819' title='bbox 1890 2351 1921 2355; x_wconf 86' lang='lat'>-—-</span> <span class='ocrx_word' id='word_1_820' title='bbox 1933 2339 1991 2362; x_wconf 85' lang='lat' dir='ltr'>Petr.</span> <span class='ocrx_word' id='word_1_821' title='bbox 2004 2346 2015 2361; x_wconf 91' lang='lat' dir='ltr'>a</span> <span class='ocrx_word' id='word_1_822' title='bbox 2030 2339 2091 2367; x_wconf 77' lang='lat' dir='ltr'>Tar.⁷</span> 
     </span>
     <span class='ocr_line' id='line_1_104' title="bbox 1247 2377 2092 2406; baseline 0 -6"><span class='ocrx_word' id='word_1_823' title='bbox 1247 2378 1275 2400; x_wconf 86' lang='lat' dir='ltr'>de</span> <span class='ocrx_word' id='word_1_824' title='bbox 1293 2379 1335 2400; x_wconf 85' lang='lat' dir='ltr'>hac</span> <span class='ocrx_word' id='word_1_825' title='bbox 1352 2381 1374 2400; x_wconf 89' lang='lat' dir='ltr'>et</span> <span class='ocrx_word' id='word_1_826' title='bbox 1390 2384 1439 2406; x_wconf 86' lang='lat' dir='ltr'>seq.</span> <span class='ocrx_word' id='word_1_827' title='bbox 1457 2384 1479 2406; x_wconf 93' lang='lat' dir='ltr'>q.</span> <span class='ocrx_word' id='word_1_828' title='bbox 1497 2378 1533 2399; x_wconf 82' lang='lat' dir='ltr'>hic.</span> <span class='ocrx_word' id='word_1_829' title='bbox 1551 2384 1572 2406; x_wconf 89' lang='lat' dir='ltr'>q.</span> <span class='ocrx_word' id='word_1_830' title='bbox 1592 2377 1612 2399; x_wconf 65' lang='lat' dir='ltr'>si.</span> <span class='ocrx_word' id='word_1_831' title='bbox 1630 2384 1650 2399; x_wconf 91' lang='lat' dir='ltr'>a.</span> <span class='ocrx_word' id='word_1_832' title='bbox 1670 2378 1690 2399; x_wconf 87' lang='lat' dir='ltr'>l.</span> <span class='ocrx_word' id='word_1_833' title='bbox 1714 2378 1735 2399; x_wconf 76' lang='lat'>2.</span> <span class='ocrx_word' id='word_1_834' title='bbox 1752 2390 1784 2394; x_wconf 89' lang='lat'><strong>—</strong></span> <span class='ocrx_word' id='word_1_835' title='bbox 1806 2377 1913 2400; x_wconf 83' lang='lat' dir='ltr'>Richard.</span> <span class='ocrx_word' id='word_1_836' title='bbox 1937 2385 1948 2400; x_wconf 90' lang='grc'>1]</span> <span class='ocrx_word' id='word_1_837' title='bbox 1972 2378 2037 2405; x_wconf 59' lang='lat' dir='ltr'>Med„</span> <span class='ocrx_word' id='word_1_838' title='bbox 2063 2377 2092 2400; x_wconf 83' lang='grc'>(10</span> 
     </span>
     <span class='ocr_line' id='line_1_105' title="bbox 1247 2416 2091 2445; baseline 0 -7"><span class='ocrx_word' id='word_1_839' title='bbox 1247 2418 1288 2439; x_wconf 84' lang='lat' dir='ltr'>hac</span> <span class='ocrx_word' id='word_1_840' title='bbox 1306 2419 1326 2439; x_wconf 82' lang='lat' dir='ltr'>ct</span> <span class='ocrx_word' id='word_1_841' title='bbox 1343 2423 1391 2445; x_wconf 83' lang='lat' dir='ltr'>seq.</span> <span class='ocrx_word' id='word_1_842' title='bbox 1410 2423 1431 2445; x_wconf 83' lang='lat' dir='ltr'>q.</span> <span class='ocrx_word' id='word_1_843' title='bbox 1450 2417 1485 2438; x_wconf 84' lang='grc'>1110</span> <span class='ocrx_word' id='word_1_844' title='bbox 1503 2423 1522 2438; x_wconf 82' lang='grc'>11.</span> <span class='ocrx_word' id='word_1_845' title='bbox 1541 2417 1561 2438; x_wconf 83' lang='grc'>3.</span> <span class='ocrx_word' id='word_1_846' title='bbox 1580 2423 1602 2445; x_wconf 93' lang='lat' dir='ltr'>q.</span> <span class='ocrx_word' id='word_1_847' title='bbox 1618 2416 1635 2438; x_wconf 93' lang='lat' dir='ltr'>l.</span> <span class='ocrx_word' id='word_1_848' title='bbox 1654 2417 1795 2438; x_wconf 76' lang='lat' dir='ltr'>2.—11enr.</span> <span class='ocrx_word' id='word_1_849' title='bbox 1814 2416 1893 2443; x_wconf 80' lang='lat' dir='ltr'>Gand.,</span> <span class='ocrx_word' id='word_1_850' title='bbox 1906 2417 1929 2438; x_wconf 82' lang='lat' dir='ltr'>S.</span> <span class='ocrx_word' id='word_1_851' title='bbox 1947 2423 1966 2438; x_wconf 90' lang='lat' dir='ltr'>a.</span> <span class='ocrx_word' id='word_1_852' title='bbox 1979 2416 2016 2438; x_wconf 77' lang='lat'>75.</span> <span class='ocrx_word' id='word_1_853' title='bbox 2034 2423 2057 2445; x_wconf 87' lang='lat' dir='ltr'>q.</span> <span class='ocrx_word' id='word_1_854' title='bbox 2070 2417 2091 2438; x_wconf 80' lang='lat'>2.</span> 
     </span>
     <span class='ocr_line' id='line_1_106' title="bbox 1246 2455 2044 2484; baseline 0 -7"><span class='ocrx_word' id='word_1_855' title='bbox 1246 2469 1276 2472; x_wconf 88' lang='lat'><strong>—</strong></span> <span class='ocrx_word' id='word_1_856' title='bbox 1293 2456 1386 2483; x_wconf 85' lang='lat' dir='ltr'>Dionys.</span> <span class='ocrx_word' id='word_1_857' title='bbox 1403 2455 1486 2483; x_wconf 74' lang='lat' dir='ltr'>Carth.y</span> <span class='ocrx_word' id='word_1_858' title='bbox 1504 2455 1527 2477; x_wconf 84' lang='lat' dir='ltr'>d.</span> <span class='ocrx_word' id='word_1_859' title='bbox 1545 2456 1581 2477; x_wconf 73' lang='lat'>26.</span> <span class='ocrx_word' id='word_1_860' title='bbox 1600 2462 1622 2484; x_wconf 88' lang='lat' dir='ltr'>q.</span> <span class='ocrx_word' id='word_1_861' title='bbox 1644 2456 1661 2477; x_wconf 90' lang='lat' dir='ltr'>t.</span> <span class='ocrx_word' id='word_1_862' title='bbox 1679 2455 1790 2483; x_wconf 65' lang='lat' dir='ltr'>&lt;breviter</span> <span class='ocrx_word' id='word_1_863' title='bbox 1807 2456 1910 2484; x_wconf 84' lang='lat' dir='ltr'>quaestio</span> <span class='ocrx_word' id='word_1_864' title='bbox 1928 2455 2044 2483; x_wconf 82' lang='lat' dir='ltr'>tangitur).</span> 
     </span>
    </p>
   </div>
   <div class='ocr_carea' id='block_1_16' title="bbox 1248 2698 2094 2959">
    <p class='ocr_par' dir='ltr' id='par_1_22' title="bbox 1248 2698 2092 2770">
     <span class='ocr_line' id='line_1_107' title="bbox 1311 2698 2092 2729; baseline -0.004 -5"><span class='ocrx_word' id='word_1_865' title='bbox 1311 2703 1319 2716; x_wconf 56' lang='grc' dir='ltr'><strong>ἓ</strong></span> <span class='ocrx_word' id='word_1_866' title='bbox 1337 2701 1409 2724; x_wconf 85' lang='lat' dir='ltr'>Codd.</span> <span class='ocrx_word' id='word_1_867' title='bbox 1427 2701 1470 2723; x_wconf 94' lang='lat' dir='ltr'>LO</span> <span class='ocrx_word' id='word_1_868' title='bbox 1488 2702 1520 2723; x_wconf 83' lang='lat' dir='ltr'>sie</span> <span class='ocrx_word' id='word_1_869' title='bbox 1537 2704 1723 2729; x_wconf 85' lang='lat' dir='ltr'>prosequuntur:</span> <span class='ocrx_word' id='word_1_870' title='bbox 1740 2699 1912 2723; x_wconf 61' lang='lat' dir='ltr'>innascibilitas</span> <span class='ocrx_word' id='word_1_871' title='bbox 1930 2698 2014 2729; x_wconf 77' lang='lat' dir='ltr'>privat</span> <span class='ocrx_word' id='word_1_872' title='bbox 2032 2704 2092 2722; x_wconf 80' lang='lat' dir='ltr'>com-</span> 
     </span>
     <span class='ocr_line' id='line_1_108' title="bbox 1248 2737 1992 2770; baseline -0.005 -6"><span class='ocrx_word' id='word_1_873' title='bbox 1248 2740 1397 2770; x_wconf 77' lang='lat' dir='ltr'>parationem</span> <span class='ocrx_word' id='word_1_874' title='bbox 1413 2739 1445 2763; x_wconf 83' lang='lat' dir='ltr'>ad</span> <span class='ocrx_word' id='word_1_875' title='bbox 1458 2739 1539 2769; x_wconf 70' lang='lat' dir='ltr'>prius,</span> <span class='ocrx_word' id='word_1_876' title='bbox 1559 2739 1690 2769; x_wconf 72' lang='lat' dir='ltr'>paternitas</span> <span class='ocrx_word' id='word_1_877' title='bbox 1706 2744 1763 2761; x_wconf 74' lang='lat' dir='ltr'>vero</span> <span class='ocrx_word' id='word_1_878' title='bbox 1779 2738 1847 2761; x_wconf 70' lang='lat' dir='ltr'>nuno</span> <span class='ocrx_word' id='word_1_879' title='bbox 1864 2737 1933 2761; x_wconf 85' lang='lat' dir='ltr'>modo</span> <span class='ocrx_word' id='word_1_880' title='bbox 1950 2740 1992 2760; x_wconf 88' lang='lat' dir='ltr'>etc.</span> 
     </span>
    </p>

    <p class='ocr_par' dir='ltr' id='par_1_23' title="bbox 1248 2775 2094 2880">
     <span class='ocr_line' id='line_1_109' title="bbox 1310 2775 2091 2808; baseline -0.004 -7"><span class='ocrx_word' id='word_1_881' title='bbox 1310 2780 1319 2794; x_wconf 79' lang='lat'><strong>3</strong></span> <span class='ocrx_word' id='word_1_882' title='bbox 1337 2780 1397 2802; x_wconf 78' lang='lat' dir='ltr'>Multi</span> <span class='ocrx_word' id='word_1_883' title='bbox 1415 2779 1482 2801; x_wconf 87' lang='lat' dir='ltr'>codd.</span> <span class='ocrx_word' id='word_1_884' title='bbox 1501 2785 1553 2801; x_wconf 83' lang='lat' dir='ltr'>eum</span> <span class='ocrx_word' id='word_1_885' title='bbox 1571 2778 1624 2801; x_wconf 86' lang='lat' dir='ltr'>edd.</span> <span class='ocrx_word' id='word_1_886' title='bbox 1637 2779 1658 2806; x_wconf 74' lang='lat'>2,</span> <span class='ocrx_word' id='word_1_887' title='bbox 1671 2779 1684 2800; x_wconf 83' lang='lat'>3</span> <span class='ocrx_word' id='word_1_888' title='bbox 1696 2778 1721 2800; x_wconf 78' lang='lat' dir='ltr'>in</span> <span class='ocrx_word' id='word_1_889' title='bbox 1733 2777 1867 2808; x_wconf 71' lang='lat' dir='ltr'>supposito,</span> <span class='ocrx_word' id='word_1_890' title='bbox 1882 2777 1918 2799; x_wconf 91' lang='lat' dir='ltr'>alii</span> <span class='ocrx_word' id='word_1_891' title='bbox 1930 2779 1955 2799; x_wconf 92' lang='lat' dir='ltr'>ut</span> <span class='ocrx_word' id='word_1_892' title='bbox 1967 2776 1983 2799; x_wconf 95' lang='lat' dir='ltr'>C</span> <span class='ocrx_word' id='word_1_893' title='bbox 1993 2777 2009 2798; x_wconf 95' lang='lat' dir='ltr'>L</span> <span class='ocrx_word' id='word_1_894' title='bbox 2019 2776 2037 2798; x_wconf 93' lang='lat' dir='ltr'>O</span> <span class='ocrx_word' id='word_1_895' title='bbox 2046 2776 2064 2798; x_wconf 86' lang='lat' dir='ltr'>R</span> <span class='ocrx_word' id='word_1_896' title='bbox 2074 2775 2091 2798; x_wconf 92' lang='lat' dir='ltr'>U</span> 
     </span>
     <span class='ocr_line' id='line_1_110' title="bbox 1249 2816 2094 2848; baseline -0.005 -7"><span class='ocrx_word' id='word_1_897' title='bbox 1249 2819 1280 2842; x_wconf 87' lang='lat' dir='ltr'>bb</span> <span class='ocrx_word' id='word_1_898' title='bbox 1297 2820 1319 2841; x_wconf 81' lang='lat' dir='ltr'>et</span> <span class='ocrx_word' id='word_1_899' title='bbox 1334 2818 1357 2841; x_wconf 80' lang='lat' dir='ltr'>in</span> <span class='ocrx_word' id='word_1_900' title='bbox 1376 2817 1503 2848; x_wconf 78' lang='lat' dir='ltr'>supposito.</span> <span class='ocrx_word' id='word_1_901' title='bbox 1521 2818 1589 2839; x_wconf 76' lang='lat' dir='ltr'>Paulo</span> <span class='ocrx_word' id='word_1_902' title='bbox 1607 2818 1714 2845; x_wconf 86' lang='lat' dir='ltr'>superius</span> <span class='ocrx_word' id='word_1_903' title='bbox 1731 2819 1783 2845; x_wconf 89' lang='lat' dir='ltr'>post</span> <span class='ocrx_word' id='word_1_904' title='bbox 1798 2817 1897 2839; x_wconf 76' lang='lat' dir='ltr'>notatur</span> <span class='ocrx_word' id='word_1_905' title='bbox 1918 2816 1969 2838; x_wconf 88' lang='lat' dir='ltr'>cod.</span> <span class='ocrx_word' id='word_1_906' title='bbox 1993 2816 2013 2837; x_wconf 93' lang='lat' dir='ltr'>V</span> <span class='ocrx_word' id='word_1_907' title='bbox 2035 2816 2094 2837; x_wconf 83' lang='lat' dir='ltr'>inse-</span> 
     </span>
     <span class='ocr_line' id='line_1_111' title="bbox 1248 2856 1462 2880; baseline -0.005 0"><span class='ocrx_word' id='word_1_908' title='bbox 1248 2859 1277 2880; x_wconf 92' lang='lat' dir='ltr'>rit</span> <span class='ocrx_word' id='word_1_909' title='bbox 1293 2857 1403 2880; x_wconf 71' lang='lat' dir='ltr'>identitas</span> <span class='ocrx_word' id='word_1_910' title='bbox 1419 2856 1462 2880; x_wconf 72' lang='lat' dir='ltr'>rel.</span> 
     </span>
    </p>

    <p class='ocr_par' dir='ltr' id='par_1_24' title="bbox 1248 2891 2092 2959">
     <span class='ocr_line' id='line_1_112' title="bbox 1311 2891 2092 2925; baseline -0.004 -7"><span class='ocrx_word' id='word_1_911' title='bbox 1311 2896 1319 2911; x_wconf 72' lang='lat'><strong>⁴</strong></span> <span class='ocrx_word' id='word_1_912' title='bbox 1337 2897 1380 2919; x_wconf 82' lang='lat' dir='ltr'>Pro</span> <span class='ocrx_word' id='word_1_913' title='bbox 1405 2895 1485 2918; x_wconf 78' lang='lat' dir='ltr'>omnia</span> <span class='ocrx_word' id='word_1_914' title='bbox 1512 2896 1582 2925; x_wconf 80' lang='lat' dir='ltr'>aquui</span> <span class='ocrx_word' id='word_1_915' title='bbox 1608 2895 1676 2918; x_wconf 81' lang='lat' dir='ltr'>codd.</span> <span class='ocrx_word' id='word_1_916' title='bbox 1702 2894 1788 2918; x_wconf 78' lang='lat' dir='ltr'>obiecta</span> <span class='ocrx_word' id='word_1_917' title='bbox 1800 2904 1809 2923; x_wconf 83' lang='lat'>,·</span> <span class='ocrx_word' id='word_1_918' title='bbox 1839 2894 1907 2917; x_wconf 78' lang='lat' dir='ltr'>codd.</span> <span class='ocrx_word' id='word_1_919' title='bbox 1933 2894 1949 2915; x_wconf 88' lang='lat' dir='ltr'>B</span> <span class='ocrx_word' id='word_1_920' title='bbox 1964 2893 1985 2916; x_wconf 80' lang='lat' dir='ltr'>X</span> <span class='ocrx_word' id='word_1_921' title='bbox 2014 2891 2092 2916; x_wconf 79' lang='lat' dir='ltr'>omnia</span> 
     </span>
     <span class='ocr_line' id='line_1_113' title="bbox 1248 2935 1343 2959; baseline -0.021 0"><span class='ocrx_word' id='word_1_922' title='bbox 1248 2935 1343 2959; x_wconf 71' lang='lat' dir='ltr'>obiecta.</span> 
     </span>
    </p>
   </div>
  </div>
 </body>
</html>
