2215 3404
765 197 848 225 DIST.
870 197 947 226 XXV.
969 197 1041 225 ART.
1064 198 1082 225 Ι.
1104 198 1238 234 QUAEST.
1261 198 1289 227 Il.

218 273 249 295 111.
267 273 328 296 Alex.
346 274 401 302 liat,
419 274 441 296 S.
459 280 481 302 p.
499 274 513 297 I.
526 280 548 303 q.
561 274 597 296 56.
610 280 641 297 m.
659 275 680 297 2.
697 287 728 291 —
740 275 807 302 Scot.,
826 275 861 297 hic
879 281 900 303 q.
918 276 997 303 unica;

156 312 246 340 Report.
264 313 300 334 1116
312 318 333 341 q.
348 313 367 334 vl.
384 325 416 329 —
432 314 454 335 S.
473 313 562 341 Thom„
582 314 595 335 l.
614 314 675 336 Sem.
693 313 714 336 d.
733 314 770 336 23.
788 320 809 342 q.
829 314 849 336 11.
867 320 887 335 a.
905 314 930 341 3;
948 314 969 336 S.
982 314 996 336 l.

154 357 176 380 q.
195 352 231 373 29.
249 357 269 373 a.
288 351 309 373 4.
326 363 358 368 —-
373 352 397 374 B.
415 352 508 380 Albert.,
526 352 540 374 Ι.
559 352 619 374 Sent.
632 352 654 374 d.
673 352 709 374 23.
728 358 739 374 6
758 353 783 380 2;
802 352 823 374 S.
842 358 864 380 p.
882 352 896 374 l.
914 355 941 375 tr.
961 352 996 374 ¹10.

155 396 176 419 q.
195 389 231 412 44.
249 396 279 412 m.
299 391 318 412 i.
335 403 367 407 —
392 391 449 413 Petr.
475 397 486 413 a
506 391 573 418 Tan,
601 391 614 413 l.
633 391 692 413 Sent.
711 391 732 413 d.
756 391 792 413 23.
811 397 832 419 q.
855 392 872 413 1.
891 397 910 413 a.
929 392 949 413 2.
967 403 998 408 —-

1841 203 1897 231 439

1056 275 1160 298 Richard.
1179 282 1191 298 a
1209 276 1274 304 Med,
1293 277 1329 299 liic
1346 283 1365 299 6.
1385 278 1404 300 Ἰ1.
1423 284 1444 306 q.
1464 278 1483 300 l.
1506 290 1536 293 —
1558 278 1631 306 AEgid.
1650 279 1684 307 IL,
1702 279 1716 301 l.
1735 280 1796 302 Sent.
1821 280 1843 302 (1.
1862 281 1898 302 23.

1055 320 1076 343 q.
1095 315 1116 336 3.
1132 326 1164 331 —-
1180 315 1247 337 Henr.
1273 315 1361 344 Gand.,
1379 317 1401 338 S.
1419 322 1438 338 a.
1457 316 1493 338 53.
1512 322 1533 345 q.
1552 316 1573 338 4.
1591 316 1612 338 5.
1630 329 1662 333 —
1678 318 1787 346 Durand„
1805 319 1819 340 1.
1837 319 1898 342 Sent.

1056 353 1077 375 d.
1096 353 1132 375 ⁴23.
1151 360 1172 382 q.
1192 354 1212 376 Ι1.
1229 366 1261 370 -
1285 354 1378 382 Dionys.
1401 354 1484 383 Carth.y
1502 355 1516 377 l.
1544 356 1603 377 Sent.
1622 355 1644 378 d.
1663 356 1699 378 23.
1718 363 1739 385 q.
1758 358 1779 379 2.
1796 369 1827 374 —
1845 358 1897 385 Biel,

1055 392 1091 414 hie
1108 398 1130 420 q.
1148 393 1222 414 unica.

917 526 1079 563 QUAESTtO
1100 527 1129 555 Π.

224 642 328 671 Utrum
348 646 423 671 reete
443 651 463 671 a
484 642 601 671 Boethio
623 642 742 680 definita
763 643 802 671 sit
819 652 964 680 persona,
985 644 1063 682 quod
1082 644 1120 672 sit
1141 644 1300 672 rationalis
1320 648 1448 673 naturae
1470 645 1626 675 individua
1647 646 1830 680 substantia,

622 698 648 722 et
667 698 770 723 utram
792 693 861 723 haec
881 694 960 723 ratio
982 695 1133 723 conveniat
1155 695 1263 723 divinis
1281 696 1425 732 personis.

229 837 356 866 Secundo
370 837 516 874 quaeritur
534 837 569 866 de
583 837 635 866 hoc
649 837 761 866 nomine
771 846 912 874 persona,
927 837 995 875 quid

150 884 186 913 sit
206 884 361 913 secundum
383 884 570 912 definitionem
577 895 584 918 3
605 886 632 912 et
647 884 744 913 definit
757 892 819 913 eam
840 884 994 913 Boethius¹

150 931 203 960 sic:
224 931 371 960 «Persona
391 933 433 959 est
454 930 596 960 rationalis
617 933 735 960 naturae
756 931 903 960 individua
932 931 996 960 sul]-

150 977 290 1007 stantia».
313 978 344 1006 Et
365 977 439 1015 quod
461 977 513 1006 ista
534 977 657 1006 definitio
679 977 714 1006 sit
734 978 900 1007 conveniens
929 978 996 1007 divi-

149 1032 201 1054 nae
221 1032 371 1061 personae,
392 1024 563 1053 ostenditur:

230 1072 253 1099 1.
275 1071 326 1100 Per
346 1071 525 1099 intentionem
546 1070 683 1105 auctoris,
705 1070 771 1107 quia
798 1070 929 1100 Boethius
957 1071 996 1099 in-

6 1118 236 1147 Fundamenmtendit
256 1125 339 1155 agere
359 1117 394 1146 de
414 1125 534 1155 persona
554 1117 672 1152 Christi:
693 1120 800 1146 constat
817 1120 921 1152 autem,
935 1126 996 1154 per-

148 1173 245 1194 sonam
266 1164 367 1194 Christi
382 1172 443 1194 esse
457 1164 624 1193 increatam:
640 1172 706 1201 ergo
721 1165 838 1194 intendit
852 1165 995 1202 assignare

147 1212 282 1240 rationem
303 1219 439 1248 personae
460 1211 570 1240 divinae
591 1211 649 1240 sive
670 1211 817 1240 increatae.

228 1259 253 1286 2.
275 1258 359 1292 Item,
382 1257 457 1295 quod
479 1257 548 1286 haec
569 1257 604 1286 sit
625 1258 696 1286 ratio
717 1258 872 1295 personae²
900 1258 927 1286 in
956 1258 995 1287 di-

147 1304 234 1339 vinis,
257 1304 381 1333 videtur:
404 1312 469 1333 nam
489 1304 516 1332 in
538 1304 595 1333 Deo
616 1307 722 1333 constat
743 1305 902 1342 ponendum
933 1313 993 1334 esse

146 1351 331 1388 suppositum
359 1351 650 1385 incommunicabile,
679 1355 706 1380 et
734 1352 786 1380 hoc
815 1352 991 1389 suppositum

147 1402 189 1427 est
210 1398 377 1427 substantia
398 1398 508 1433 divina,
529 1401 556 1427 et
577 1398 629 1427 1166
653 1399 737 1427 etiam
765 1402 807 1427 est
834 1399 992 1427 rationalis

145 1449 290 1479 naturae,-
311 1448 338 1474 et
358 1453 412 1474 non
434 1445 562 1474 convenit
586 1446 627 1480 61,
655 1445 707 1474 6151
737 1445 771 1474 de
802 1453 857 1482 quo
889 1445 992 1475 dicitur

143 1501 288 1530 persona.-
310 1500 377 1529 ergo
398 1494 439 1520 est
460 1492 521 1521 eius
542 1492 627 1527 ratio,
649 1495 681 1520 ut
701 1491 821 1520 videtur.

225 1539 348 1568 CONTRA:
371 1539 394 1566 1.
410 1538 506 1567 Omnis
521 1538 644 1567 definitio
659 1538 725 1567 dicit
739 1539 991 1576 agyyreyationem,

18 1592 47 1611 Aa
60 1593 210 1616 opposi-cum
233 1588 338 1614 constet
359 1592 395 1613 ex
416 1585 578 1622 pluribus³,
599 1585 722 1622 alioquin
744 1588 816 1614 esset
837 1586 874 1614 ibi
907 1594 992 1623 nuga-

53 1618 97 1635 turn.

146 1632 203 1667 tio;
224 1632 252 1660 in
280 1631 398 1668 simplici
426 1634 520 1660 autem
551 1631 629 1660 nulla
650 1635 691 1661 est
716 1633 893 1669 aggregatio:
925 1640 992 1669 ergo

146 1679 257 1708 nullum
279 1678 399 1715 simplex
420 1681 462 1707 est
483 1678 631 1707 definibile.
654 1679 707 1708 Sed
728 1687 847 1716 persona
871 1679 899 1707 in
925 1679 992 1708 divi-

149 1725 191 1754 nis
212 1729 253 1754 est
274 1725 386 1753 omnino
407 1725 543 1762 simplex:
565 1733 632 1762 ergo
653 1728 704 1755 etc.
726 1726 762 1754 Si
781 1726 880 1760 dieas,
896 1734 992 1755 secun-

148 1772 217 1801 dum
237 1771 313 1809 quod
335 1772 431 1801 (1161161
451 1772 553 1809 aliqui,
574 1772 649 1809 quod
671 1772 800 1809 quamvis
821 1773 856 1801 sit
871 1772 991 1809 simplex

149 1818 304 1848 secundum
319 1826 378 1847 rem
388 1841 395 1853 ,
411 1822 503 1847 tamen
518 1827 573 1847 non
587 1822 630 1848 est
644 1819 765 1856 simplex
780 1819 936 1848 secundum
951 1827 993 1848 ra-

148 1865 266 1900 tionem;
288 1869 408 1894 eontra.-
430 1868 478 1894 aut
500 1865 540 1894 1111
555 1865 655 1894 rationi
676 1866 826 1903 respondet
840 1866 947 1903 aliquid
962 1865 991 1894 in

148 1919 194 1947 re,
215 1915 264 1940 aut
285 1912 373 1946 nihil;
394 1912 417 1941 si
439 1912 562 1950 aliquid:
585 1920 652 1949 ergo
666 1912 760 1950 aliqua
774 1913 936 1950 compositio
950 1915 992 1941 est

149 1958 176 1987 in
198 1966 244 1993 reg
266 1959 289 1987 si
316 1959 397 1987 nihil:
427 1967 493 1996 ergo
524 1959 595 1988 ratio
622 1960 734 1988 omnino
765 1967 836 1988 vana
858 1962 907 1988 est.
939 1959 990 1988 Sed

148 2008 263 2042 propter
274 2005 410 2034 rationem
425 2013 525 2034 vanam
541 2014 596 2034 non
611 2008 653 2034 est
666 2005 773 2043 aliquid
788 2005 990 2034 definiendum:

148 2059 215 2088 ergo
236 2054 287 2080 etc.

229 2099 254 2127 2.
275 2098 343 2126 Item
355 2120 362 2132 ,
384 2098 490 2127 ratione
509 2106 638 2126 suarum
655 2098 791 2135 partiam
811 2106 866 2126 non
881 2098 993 2127 videtur

148 2144 297 2173 convenire
318 2144 428 2173 divinae
448 2152 592 2181 personae.
614 2144 682 2173 Nam
707 2144 852 2173 rationale
876 2147 918 2173 est
945 2144 994 2173 dif-

148 2190 265 2220 ferentia
285 2190 427 2219 animalis:
443 2198 510 2227 ergo
531 2191 576 2219 cui
591 2199 645 2219 6611
660 2191 789 2219 convenit
803 2198 863 2220 esse
877 2191 993 2226 animal,

147 2245 203 2266 non
223 2238 351 2267 convenit
371 2240 472 2266 natura
493 2237 644 2267 rationalis.
666 2238 718 2266 Sed
740 2238 843 2266 animal
863 2246 918 2266 non
933 2246 994 2267 con-

148 2284 223 2313 venit
243 2285 319 2320 Deo,
340 2293 405 2314 61161
427 2285 462 2314 511
483 2285 588 2322 species
609 2285 745 2322 corporis:
768 2293 834 2322 ergo
862 2292 912 2314 nec
940 2285 993 2314 hoc

150 2332 226 2369 quod
248 2334 291 2361 est
310 2331 464 2360 rationale.

228 2378 253 2407 3.
275 2379 359 2413 Item,
380 2379 493 2407 videtur
514 2378 589 2415 quod
610 2378 777 2407 substantia
801 2387 856 2407 non
884 2379 993 2407 dicatur

149 2425 177 2453 in
199 2427 273 2453 recto
295 2424 329 2453 de
350 2432 484 2462 persona,
499 2425 579 2461 quia,
594 2424 778 2462 multiplicato
800 2425 922 2459 definito,
950 2433 995 2453 ne-

149 2478 225 2500 cesse
246 2474 288 2500 est
309 2471 506 2509 1111111111116611Δί
527 2471 717 2501 definitionem
738 2474 765 2500 et
784 2475 879 2509 partes
900 2472 994 2501 defini-

209 2686 216 2700 1
235 2686 295 2708 Libr.
314 2686 343 2709 de
359 2685 454 2708 Duabus
471 2687 557 2709 naturis
575 2689 596 2709 et
613 2693 658 2709 una
676 2693 774 2715 persona
792 2686 881 2715 Christi,
900 2693 919 2709 6.
938 2687 959 2709 3.

210 2725 220 2739 ²
236 2725 369 2747 Adiecimus
385 2731 412 2747 ex
430 2725 481 2747 eod.
499 2725 529 2747 W
545 2731 666 2755 personae.
689 2738 721 2742 —
742 2726 811 2748 Paulo
828 2726 923 2748 inferius
940 2726 991 2748 6611.

147 2764 167 2786 M
185 2770 239 2786 611111
255 2763 291 2786 ed.
310 2764 318 2785 Ἰ
340 2763 463 2787 individua
480 2770 523 2792 pro
539 2763 638 2793 divina;
655 2764 706 2787 cod.
725 2765 743 2786 T
756 2765 778 2787 in
796 2771 870 2793 marg.
888 2764 991 2787 exhibet:

147 2801 190 2826 hoc
207 2802 357 2832 suppositam
374 2803 409 2825 est
424 2802 484 2825 idem
503 2802 566 2832 quod
581 2802 715 2826 substantia
731 2802 819 2826 divina.

210 2841 220 2856 3
237 2841 370 2864 Secundum
387 2842 486 2869 Aristot.‚
511 2842 557 2864 Vll.
575 2842 672 2870 Metaph.
690 2845 742 2865 text.
761 2842 797 2864 33.
815 2844 837 2864 et
855 2841 890 2864 43.
909 2842 954 2871 (Vl.
972 2848 992 2864 c.

153 2881 188 2903 110.
210 2881 261 2909 12.),
279 2879 383 2902 definitio
404 2883 439 2902 est
454 2881 511 2903 ratio
537 2880 632 2910 (sermo)
652 2880 740 2903 habens
756 2884 845 2909 partes,
863 2887 923 2910 quae
940 2884 993 2903 sunt

150 2926 223 2948 genus
240 2921 262 2942 et
279 2919 411 2942 differentia.

211 2958 221 2973 ⁴
238 2959 288 2981 Vat.
306 2965 360 2981 611111
378 2965 423 2981 1166
440 2959 477 2981 vel
494 2959 564 2981 altero
581 2959 632 2981 cod.
651 2958 815 2988 multiplicare.

1052 838 1146 867 tionis:
1169 846 1235 875 ergo
1257 838 1279 867 si
1300 846 1420 875 persona
1434 842 1476 868 est
1491 839 1662 875 substantia,
1677 848 1742 869 cum
1764 841 1818 869 sint
1838 841 1898 878 plu-

1052 892 1097 913 res
1111 892 1262 921 personae,
1276 893 1343 922 ergo
1358 885 1454 922 plures
1469 886 1649 916 substantiae.
1661 904 1700 907 ——
1711 887 1745 916 Si
1759 891 1789 916 tu
1804 888 1896 922 dicas,

1051 931 1126 968 quod
1142 932 1298 961 substantia
1314 935 1368 961 stat
1382 932 1419 961 ibi
1435 941 1487 970 pro
1502 933 1659 970 hypostas13
1681 938 1798 963 contra:
1815 935 1898 972 hypo-

1051 978 1132 1007 stasis
1154 978 1258 1007 dicitur
1279 979 1435 1008 substantia
1456 979 1617 1015 individua,
1638 981 1710 1009 sicut
1741 981 1807 1010 dicit
1835 982 1897 1011 Boe-

1050 1024 1164 1053 thius⁵z
1187 1033 1253 1062 ergo
1275 1025 1347 1054 sicut
1368 1028 1410 1054 est
1430 1026 1559 1063 nugatio,
1581 1027 1603 1055 si
1625 1027 1781 1056 diceretur:
1813 1028 1896 1056 homo

1052 1071 1209 1106 rationalis,
1232 1072 1269 1101 sic
1291 1075 1319 1101 et
1339 1072 1367 1100 in
1388 1073 1532 1109 praedicta
1552 1073 1747 1102 notificatione.
1762 1075 1898 1111 —Quae-

1051 1118 1123 1146 ritur
1145 1126 1227 1155 ergo,
1248 1121 1346 1147 utrum
1368 1119 1421 1148 hoc
1442 1127 1543 1148 nomen
1570 1119 1737 1149 substantia
1765 1124 1818 1149 stet
1845 1129 1897 1158 pro

1051 1165 1207 1200 communi,
1229 1165 1273 1194 vel
1294 1173 1345 1202 pro
1367 1165 1507 1203 hypostasi
1520 1166 1537 1194 ⁶.

1128 1212 1155 1240 [ι.
1176 1212 1260 1247 Item,
1281 1212 1394 1241 videtur
1422 1221 1477 1241 non
1505 1221 1566 1242 esse
1595 1214 1797 1242 convertibilis.
1827 1215 1894 1243 Nam

1049 1257 1141 1285 anima
1162 1258 1282 1287 hominis
1303 1261 1345 1287 est
1366 1260 1484 1287 naturae
1506 1259 1649 1288 rationalis
1671 1259 1825 1289 substantia
1856 1261 1895 1289 in-

1050 1303 1178 1332 dividua:
1194 1312 1261 1341 ergo
1275 1307 1374 1334 etc.—
1385 1305 1485 1334 Ultimo
1500 1306 1661 1342 quaeritur,
1677 1314 1741 1335 cum
1757 1307 1895 1344 assignen-

1050 1353 1095 1378 tur
1126 1350 1253 1380 diversae
1285 1351 1459 1380 definitiones
1488 1352 1522 1381 de
1553 1360 1670 1389 persona
1692 1354 1720 1387 ⁷,
1756 1354 1895 1391 quomodo

1049 1397 1190 1426 differunt.

1368 1499 1580 1521 CONCLUSIO.

1103 1584 1239 1621 Definitio
1260 1585 1312 1613 illa
1335 1584 1448 1614 Boethii
1467 1589 1508 1614 est
1531 1585 1605 1614 bona
1626 1589 1652 1614 et
1672 1586 1842 1615 conveniens

1333 1631 1442 1660 (livinis
1462 1633 1603 1669 personis.

1127 1725 1303 1754 Responnno:
1335 1725 1509 1761 Dicendum,
1531 1727 1626 1764 quod,
1648 1726 1719 1756 sicut
1750 1730 1826 1764 patet
1857 1735 1893 1756 ex

1047 1772 1198 1801 intentione
1219 1773 1357 1807 auctoris,
1379 1773 1447 1802 haec
1462 1773 1586 1802 definitio
1608 1781 1743 1811 personae
1765 1775 1894 1803 convenit

1048 1822 1074 1847 et
1095 1819 1253 1856 assignatur
1274 1819 1384 1849 divinae
1405 1828 1547 1857 personae.

1130 1867 1153 1894 1.
1174 1866 1213 1895 Ad
1236 1866 1306 1895 illud
1333 1874 1399 1895 vero
1420 1867 1495 1904 quod
1517 1867 1656 1902 obiicitur,
1678 1868 1753 1905 quod
1774 1868 1893 1905 simplex

1048 1921 1103 1941 non
1123 1916 1165 1941 est
1185 1912 1343 1948 definibile3
1365 1913 1461 1942 dicunt
1482 1914 1584 1951 aliqui,
1599 1914 1674 1951 quod
1690 1914 1838 1952 dupliciter
1853 1918 1894 1944 est

1048 1959 1155 1996 aliquid
1186 1959 1310 1988 definire.
1344 1960 1401 1988 Uno
1432 1960 1515 1988 modo
1536 1960 1564 1988 in
1595 1964 1671 1989 recto
1696 1964 1723 1989 et
1744 1969 1794 1998 per
1819 1961 1894 1990 diffe-

1048 2006 1167 2035 rentiam
1188 2006 1324 2035 dicentem
1343 2007 1529 2043 positionem,
1545 2011 1576 2036 ut
1591 2016 1655 2036 611111
1670 2008 1786 2036 dicitur:
1810 2008 1893 2046 homo

1049 2056 1091 2082 est
1111 2053 1214 2081 animal
1236 2053 1385 2087 rationale,
1414 2054 1531 2082 mortale
1539 2065 1546 2089 3
1568 2057 1595 2083 et
1615 2054 1667 2083 hoc
1688 2055 1771 2083 modo
1792 2062 1892 2083 verum

1049 2103 1102 2134 est,
1124 2100 1199 2136 quod
1220 2099 1344 2128 definitio
1372 2100 1439 2129 dicit
1466 2100 1691 2137 aggregationem
1712 2103 1739 2129 et
1760 2101 1893 2138 composi-

1051 2146 1168 2181 tionem,
1189 2149 1216 2174 et
1231 2146 1283 2175 1166
1298 2146 1380 2175 modo
1399 2146 1490 2175 solum
1502 2147 1511 2161 Β
1531 2150 1712 2184 aggregatum
1738 2150 1779 2176 est
1800 2147 1894 2176 defini-

1049 2192 1113 2222 bile.
1128 2193 1186 2221 Alio
1200 2193 1283 2222 modo
1298 2193 1431 2230 contingit
1445 2193 1550 2231 aliquid
1566 2194 1682 2223 definire
1697 2195 1724 2223 in
1739 2194 1852 2232 obliquo
1867 2197 1894 2224 et

1050 2247 1099 2276 per
1114 2240 1298 2269 differentiam
1313 2240 1449 2269 dicentem
1462 2240 1675 2277 privationem,
1694 2244 1726 2269 ut
1740 2249 1805 2270 cum
1830 2241 1894 2270 dici-

1050 2290 1110 2315 tur:
1127 2286 1233 2315 simitas
1247 2289 1288 2315 est
1303 2287 1426 2316 curvitas
1440 2286 1515 2321 nasi;
1530 2290 1557 2316 et
1569 2290 1636 2316 tunc
1646 2296 1701 2316 non
1713 2288 1893 2325 significatur,

1051 2333 1234 2362 substantiam
1250 2333 1290 2362 rei
1306 2334 1451 2370 aggregari
1467 2342 1503 2362 ex
1524 2334 1652 2369 diversis,
1667 2334 1798 2371 quoniam
1819 2334 1895 2371 quod

1050 2380 1163 2416 ponitur
1184 2380 1212 2408 in
1232 2380 1346 2417 obliquo
1368 2389 1423 2409 non
1445 2380 1530 2409 intrat
1551 2381 1700 2410 essentiam
1722 2381 1756 2410 de
1777 2381 1894 2410 necessi-

1050 2429 1113 2455 tate.
1140 2426 1276 2460 Ulterius,
1297 2427 1453 2456 differentia
1470 2427 1597 2464 privans
1611 2435 1665 2456 non
1680 2428 1757 2464 ponit
1771 2427 1894 2465 aliquam

1050 2473 1276 2509 compositionem
1299 2474 1357 2502 sive
1387 2474 1605 2511 appositionem3
1626 2477 1653 2503 et
1673 2474 1736 2503 talis
1757 2477 1798 2503 est
1820 2474 1893 2503 dicta

1110 2687 1120 2702 ⁵
1138 2687 1197 2710 Libr.
1216 2687 1245 2710 de
1262 2687 1357 2709 Duabus
1374 2688 1460 2710 naturis
1477 2689 1499 2709 et
1516 2693 1560 2709 una
1578 2693 1676 2715 persona
1693 2686 1786 2715 Christi⁷
1804 2692 1822 2709 c.
1841 2686 1862 2708 3.

1110 2725 1120 2740 ὃ
1137 2725 1209 2749 Codd.
1227 2732 1280 2748 cum
1298 2726 1334 2748 ed.
1354 2727 1362 2748 l
1384 2727 1491 2748 omittunt
1507 2727 1565 2748 lianc
1590 2726 1759 2754 quaestionem,
1777 2725 1807 2747 611
1824 2731 1894 2754 quam

1049 2767 1124 2787 tamen
1141 2765 1199 2787 inira
1224 2766 1247 2786 in
1272 2765 1384 2787 solutione
1411 2765 1441 2787 ad
1459 2764 1565 2787 3.(161111·
1582 2764 1716 2792 responsio;
1743 2770 1814 2792 quare
1840 2769 1894 2786 cum

1048 2803 1099 2825 Vat.
1117 2810 1168 2825 66111
1186 2804 1208 2825 in
1225 2806 1312 2826 textum
1329 2805 1466 2832 recepimus.

1111 2841 1121 2857 ⁷
1138 2843 1196 2870 vat,
1214 2843 1304 2865 favente
1322 2843 1370 2865 solo
1388 2842 1438 2864 cod.
1452 2848 1484 2870 cc,
1497 2848 1552 2865 cum
1568 2841 1674 2864 diversae
1685 2841 1732 2864 sint
1749 2840 1893 2871 definitiones

1048 2880 1096 2903 sice
1112 2880 1265 2910 assignentur
1282 2881 1309 2904 de
1325 2887 1434 2910 persona.

1112 2919 1122 2933 ⁸
1138 2919 1210 2942 Codd.
1229 2920 1244 2942 1³
1258 2920 1276 2948 Q
1294 2926 1347 2943 cum
1364 2920 1399 2942 ed.
1419 2920 1427 2941 l
1449 2919 1537 2942 addunt
1553 2919 1616 2949 quod
1632 2920 1671 2942 est.

1937 1085 2024 1108 Quaestio

1910 1113 1999 1126 connexa.

1909 1318 1955 1343 Alia
1968 1323 2024 1341 quae-

1934 1344 1975 1359 5116.

1909 1785 2014 1804 Conclusio.

1909 1878 1982 1897 Solutio
1996 1884 2027 1901 op-

1924 1902 2033 1925 positorum.

1908 1925 1980 1944 Salutio
1990 1926 2034 1943 alio-

1930 1954 1977 1967 ῙἹΠΠ.
