2215 3404
706 150 788 178 DIST.
810 150 944 178 XXXVIII.
965 150 1037 178 ΛΒΤ.
1060 150 1077 178 Ι.
1099 150 1234 186 QUAEST.
1257 151 1274 179 I.

1805 157 1859 184 669

845 321 1078 355 ARTICULUS
1104 323 1126 355 I.

677 439 718 467 De
741 438 916 467 causalitate
941 438 1155 475 praescientiae
1176 438 1299 467 (livinae.

888 590 1049 625 QUAESTIO
1071 590 1088 618 Ι.

612 698 717 726 Utrum
735 698 934 735 praescientia
956 698 1057 727 divina
1078 699 1117 727 stt
1138 707 1232 728 causa
1252 708 1362 727 rerum.

195 842 225 870 Et
245 841 320 878 quod
342 840 377 869 sit
398 848 482 869 causa
504 848 612 875 rerum,
634 841 791 869 ostenditur
813 841 859 870 sic.

195 889 218 916 1.
250 887 420 924 Augustinus
452 887 559 916 decimo
591 887 688 924 quinto
719 887 753 915 de
786 888 959 916 Trinitate1:

3 946 54 968 mg.
68 950 100 968 pro
119 946 132 959 a
147 935 209 963 Ideo
224 942 269 963 res
291 935 402 963 futurae
424 937 504 968 sunt,
525 934 591 970 quia
614 934 687 963 Deus
709 942 755 962 eas
776 934 892 962 novit».

0 970 30 987 ute
53 968 101 986 affir-

0 991 42 1010 ativa
46 1005 50 1009 .

10 2208 38 2227 ,³ro
49 2211 99 2235 parte

10 2233 82 2255 egam-a.

192 982 218 1009 Ξ).
239 982 323 1015 Item,
345 980 459 1009 ratione
484 980 537 1009 sIc:
560 988 642 1009 omne
664 980 734 1009 illud
760 981 835 1017 quod
857 984 962 1009 antece-

114 1028 154 1057 dit
176 1028 268 1062 aliud,
290 1030 317 1056 et
338 1028 398 1064 ipso
418 1027 523 1064 posito,
545 1027 658 1064 ponitur
680 1027 772 1061 aliud,
796 1028 888 1064 ipsum
920 1031 962 1056 est

113 1083 198 1104 causa
218 1075 294 1103 illius
305 1091 343 1094 —
355 1075 407 1103 hoc
422 1077 497 1111 patet
512 1082 561 1111 per
583 1074 771 1102 definitionem
788 1082 889 1103 causae
900 1074 909 1089 ²
924 1092 961 1095 -—

113 1122 162 1151 sed
184 1122 278 1150 divina
300 1121 482 1158 praescientia
502 1121 644 1157 praecedit
665 1128 746 1149 omne
768 1121 912 1156 futurum,
934 1124 961 1149 et

114 1169 216 1198 iterum
238 1168 316 1205 ponit
330 1168 468 1202 futurum,
481 1170 611 1205 respectu
625 1168 706 1196 cuius
727 1171 779 1196 est:
797 1176 862 1205 ergo
883 1176 961 1205 prae-

113 1215 228 1244 scientia
248 1218 290 1244 est
311 1223 404 1243 causa.

192 1262 217 1290 3.
242 1262 323 1296 Item,
345 1262 436 1290 omnis
458 1269 503 1290 res
524 1264 573 1290 aut
593 1264 635 1290 est
656 1269 672 1289 a
693 1261 768 1295 Deo,
797 1265 846 1290 aut
874 1270 890 1290 a
911 1270 961 1290 ua-

114 1312 200 1342 tm’a,
222 1311 271 1337 aut
293 1316 309 1336 a
331 1308 418 1336 libero
440 1308 580 1342 arbitrio,
602 1311 629 1336 et
650 1308 754 1345 accipio
773 1316 871 1337 causas
894 1308 960 1337 istas

113 1356 202 1393 large,
224 1359 308 1392 prout
323 1355 566 1392 comprehendunt
580 1362 677 1383 casum
692 1358 719 1383 et
740 1355 894 1387 fortuna1n;
911 1355 958 1383 sed

113 1401 190 1430 nulla
211 1409 257 1430 res
288 1410 303 1429 a
325 1404 425 1429 natura
450 1409 510 1429 esse
532 1404 622 1438 potest
647 1409 697 1430 nec
729 1410 744 1429 a
773 1401 861 1430 libero
889 1402 960 1430 arhi-

113 1449 181 1483 trio,
203 1448 254 1477 nisi
277 1451 409 1485 operante
431 1448 501 1476 Deo:
524 1456 591 1485 ergo
612 1448 702 1477 omnis
731 1457 776 1477 res
797 1451 838 1477 est
866 1457 882 1476 a
902 1449 959 1477 Deo

114 1495 172 1524 sive
192 1502 274 1523 omne
295 1495 432 1522 futurum.
455 1494 508 1522 Sed
529 1502 583 1522 non
606 1497 648 1523 est
668 1502 684 1522 a.
705 1494 762 1523 Deo
788 1497 885 1531 agente
908 1494 958 1522 uisi

113 1542 268 1570 secundum
291 1544 379 1569 artem
401 1544 427 1569 et
448 1541 645 1577 cognitionem:
669 1549 735 1578 ergo
756 1544 807 1569 etc.

191 1588 217 1616 lt.
240 1588 320 1621 Item,
342 1595 423 1616 omne
445 1587 520 1624 quod
542 1587 641 1621 scitur,
663 1587 854 1624 aliquomodo
876 1588 958 1616 estin

114 1643 157 1669 se,
180 1635 223 1664 vel
246 1634 272 1662 in
294 1642 345 1663 sua
366 1642 450 1663 causa
463 1634 485 1665 ⁸.
509 1641 576 1671 ergo
597 1634 672 1671 quod
695 1634 850 1671 praescitur
872 1643 888 1662 a
902 1635 959 1663 Deo

113 1684 155 1711 est
176 1681 203 1720 in
224 1681 281 1710 Deo
302 1685 333 1709 ut
355 1681 382 1709 iu
398 1689 496 1715 causa:
520 1681 568 1709 sed
590 1689 671 1709 omne
687 1681 763 1718 quod
785 1684 826 1709 est
847 1681 874 1709 in
890 1681 958 1711 De0.

112 1731 155 1757 est
176 1736 191 1756 a
212 1728 279 1756 Deo:
303 1735 369 1764 ergo
390 1735 471 1756 omne
493 1727 621 1756 futurum
644 1727 812 1764 praescitum
828 1731 869 1756 est
890 1736 905 1756 a
922 1728 960 1756 di-

114 1775 176 1803 vina
198 1774 421 1811 praecognitione
444 1778 474 1802 ut
495 1782 594 1803 causa:
618 1782 684 1811 ergo
705 1778 757 1803 etc.

194 1822 219 1849 5.
241 1821 321 1855 Item,
343 1828 425 1849 omne
440 1821 514 1857 quod
536 1821 635 1855 scitur,
650 1824 698 1849 aut
720 1821 807 1850 scitur
823 1829 872 1858 per
892 1830 959 1850 eau-

113 1877 195 1902 sam,
218 1871 266 1896 aut
287 1875 337 1904 per
358 1868 500 1904 speeiem,
526 1871 574 1896 aut
596 1875 646 1905 per
668 1866 816 1905 effectam:
849 1869 869 1897 si
893 1877 958 1905 ergo

113 1916 188 1944 Deus
209 1915 341 1952 praescit,
370 1923 436 1952 ergo
458 1915 552 1951 aliquo
575 1915 692 1943 istorum
720 1916 878 1944 modorum.
901 1916 958 1943 Non

114 1970 164 1999 per
185 1960 330 1999 effectum,
353 1962 418 1998 quia
440 1961 553 1990 effectus
580 1962 726 1998 sequitnr3
755 1971 808 1990 non
830 1970 880 1999 per
901 1971 959 1999 spe-

116 2009 187 2037 ciem
218 2008 276 2037 sive
305 2008 532 2042 similitudinem,
565 2008 630 2045 quia
658 2008 705 2036 illa
733 2012 774 2037 est
802 2009 886 2038 simul
915 2010 959 2038 vel
986 2044 987 2048 Ἰ

115 2057 197 2086 etiam
228 2059 290 2092 post
321 2064 395 2087 reni.
427 2056 507 2083 cuius
539 2059 580 2083 est
612 2056 779 2084 similitudo:
812 2064 878 2093 ergo
908 2065 959 2093 per

115 2112 252 2136 causam„
268 2111 333 2139 ergo
355 2102 449 2131 divina
464 2102 648 2139 praescientia
662 2105 704 2131 est
722 2111 806 2131 causa
821 2104 957 2139 praesciti.

193 2150 322 2179 Courna:
351 2151 371 2177 l.
394 2149 468 2177 Deus
489 2148 594 2177 nullius
610 2152 650 2177 est
672 2157 756 2177 causa
778 2149 828 2178 nisi
851 2157 901 2186 per
917 2158 960 2178 vo-

115 2197 266 2231 luntatem3
288 2196 337 2225 sed
360 2196 445 2224 multa
463 2196 595 2232 praescit.
617 2195 652 2223 ad
674 2204 745 2232 quae
762 2204 815 2224 non
837 2199 878 2225 est
899 2197 960 2225 eius

116 2244 258 2272 voluntas:
282 2251 347 2279 ergo
373 2246 424 2271 etc.
447 2242 587 2270 Probatt'o
618 2242 747 2271 mediae:
776 2243 904 2279 praescit.
933 2246 959 2272 te

115 2290 242 2324 mentiri.
274 2293 301 2318 et
324 2293 414 2318 tamen
447 2298 500 2317 non
533 2292 574 2318 est
596 2289 707 2321 dicere.
740 2290 814 2326 quod
838 2290 911 2324 velit,
934 2293 960 2319 te

115 2337 240 2365 mentiri:
263 2345 329 2373 ergo
351 2344 405 2364 non
427 2339 468 2365 est
489 2344 572 2365 causa
595 2336 678 2365 illius.

1096 841 1121 868 2).
1144 840 1226 874 Item,
1250 840 1270 868 si
1293 841 1476 877 praescientia
1497 844 1539 870 est
1560 850 1659 877 causa,
1685 846 1734 871 aut
1755 844 1860 872 ratione

1016 886 1173 920 scientiae,
1204 889 1252 915 aut
1277 887 1383 916 ratione
1411 888 1625 917 antecessione.
1654 890 1766 918 Ratione
1800 890 1861 919 eius

1017 933 1091 970 quod
1114 936 1155 962 est
1172 942 1261 970 prae,
1287 934 1377 968 non⁴‚
1400 934 1465 971 quia
1490 943 1544 963 non
1560 936 1626 964 dicit
1651 936 1703 965 nisi
1725 937 1860 965 ordinem.

1018 980 1129 1008 Ratione
1151 980 1278 1009 similiter
1299 980 1446 1014 scientiae,
1476 990 1546 1016 non,
1568 982 1634 1019 quia
1655 983 1744 1011 multa
1765 991 1862 1020 cogno-

1017 1027 1068 1055 scit
1088 1027 1178 1062 Deus,
1200 1036 1271 1065 quae
1292 1036 1437 1065 nunquam
1468 1028 1566 1058 faciet:
1589 1037 1655 1066 ergo
1676 1029 1754 1058 nullo
1778 1030 1861 1059 modo

1016 1077 1057 1102 est
1079 1082 1170 1102 causa.

1096 1120 1121 1149 3.
1137 1120 1217 1155 Item,
1240 1121 1261 1149 si
1277 1122 1460 1158 praescientia
1480 1130 1564 1151 causa
1578 1126 1619 1151 est
1639 1124 1781 1160 praesciti,
1797 1132 1859 1153 cun]

1016 1168 1154 1204 praesciat
1178 1168 1267 1203 mala,
1295 1168 1371 1197 Deus
1395 1169 1448 1197 erit
1473 1177 1556 1198 causa
1581 1169 1647 1198 mali
1655 1181 1662 1204 3
1687 1170 1739 1199 hoc
1767 1174 1860 1199 autem

1015 1214 1126 1243 falsum.

1095 1261 1121 1289 [ι.
1144 1261 1228 1295 Item,
1251 1262 1272 1289 si
1299 1264 1340 1290 est
1361 1270 1459 1296 causa,
1482 1270 1545 1291 cum
1568 1263 1753 1292 communicet
1779 1264 1861 1293 alicui

1015 1307 1228 1343 praescientiam
1250 1308 1290 1336 rei
1312 1308 1463 1343 creandae,
1484 1317 1533 1346 per
1548 1317 1719 1347 consequens
1741 1319 1863 1340 commu-

1016 1354 1089 1383 nicat
1110 1354 1301 1383 causalitatem
1316 1359 1445 1392 respectu
1462 1356 1548 1391 illius3
1564 1358 1612 1385 sed
1635 1357 1686 1386 hoc
1701 1361 1742 1386 est
1763 1359 1863 1395 impos-

1017 1401 1108 1429 sihile:
1133 1409 1199 1438 ergo
1220 1405 1270 1430 etc.

1095 1450 1118 1476 5.
1142 1448 1222 1483 item,
1238 1449 1384 1478 Anselmus
1399 1450 1433 1478 de
1454 1450 1608 1479 Concordia
1622 1452 1821 1488 praescientiae
1836 1456 1863 1481 et

1017 1495 1096 1524 liberi
1129 1496 1237 1524 arbitrii
1252 1496 1260 1509 ⁵
1286 1496 1363 1529 dicit.
1386 1497 1460 1534 quod
1488 1508 1501 1523 «
1516 1500 1623 1526 tantum
1645 1501 1687 1527 est
1708 1499 1816 1528 dicere:
1840 1500 1861 1528 si

1016 1542 1090 1571 Deus
1105 1542 1237 1579 praescit.
1259 1543 1475 1580 erit2quantun1
1498 1545 1561 1572 hoc:
1585 1545 1607 1573 si
1629 1546 1696 1579 erit,
1716 1545 1750 1574 de
1773 1554 1863 1575 neces-

987 1607 988 1618 i
1016 1589 1095 1617 sitate
1117 1589 1197 1617 erit»
1216 1601 1222 1623 3
1244 1590 1291 1618 sed
1314 1590 1358 1619 hic
1380 1591 1458 1619 nulla
1479 1595 1592 1620 notatur
1613 1593 1773 1621 causalitas:
1796 1601 1863 1631 ergo

986 1662 988 1666 .
1017 1644 1066 1664 nec
1089 1636 1134 1664 ibi.

1334 1738 1545 1759 CONCLUSIO.

1017 1823 1221 1852 Pretescz'cntz'ct
1247 1827 1271 1851 ct
1291 1823 1414 1851 scientia
1442 1824 1544 1852 (livina
1566 1825 1665 1863 aliquo
1687 1826 1771 1854 morlo
1793 1835 1863 1854 sent-

1091 1879 1144 1907 ρει·
1173 1871 1315 1907 importat
1341 1871 1559 1906 causalitatem,
1588 1873 1639 1900 secl
1665 1882 1723 1901 non
1749 1882 1862 1910 semper

1094 1921 1225 1953 respectu
1243 1917 1394 1954 praesciti.

1094 2011 1270 2039 RnsPONnEo:
1293 2010 1461 2046 Dicendum,
1489 2013 1563 2048 quod
1593 2013 1775 2049 praescientia
1797 2014 1861 2043 dicit

1015 2057 1267 2093 praecognitionem
1284 2057 1381 2085 futuri.
1404 2058 1448 2086 Est
1464 2059 1549 2095 igitur
1564 2059 1639 2096 loqui
1655 2060 1688 2088 de
1710 2061 1863 2096 praescien-

1016 2103 1053 2131 tia
1074 2106 1122 2131 aut
1144 2106 1280 2140 quantuni
1302 2103 1336 2131 ad
1353 2112 1414 2132 rem
1428 2104 1642 2142 sz'yntficatam,
1665 2109 1714 2134 aut
1728 2110 1812 2143 prout
1826 2107 1862 2135 si—

1013 2149 1176 2187 gnificatur
1198 2158 1252 2186 per
1275 2150 1348 2178 illuct
1371 2151 1502 2179 *nonzcn'i
1525 2152 1551 2180 Si
1574 2155 1709 2189 quantum
1726 2154 1761 2182 ad
1783 2155 1864 2183 ratio-

1016 2204 1079 2225 nem
1100 2196 1244 2230 nominis,
1266 2198 1305 2226 sic
1320 2206 1374 2226 non
1390 2198 1526 2234 significat
1542 2199 1568 2227 in
1584 2200 1690 2229 ratione
1711 2209 1824 2235 causae3
1840 2202 1862 2230 si

1016 2246 1152 2280 quantum
1168 2244 1203 2272 ad
1226 2252 1286 2271 rem
1304 2244 1507 2281 ίυψονιιῖῖαφη,
1530 2246 1568 2274 sic
1584 2246 1650 2275 dicit
1670 2255 1797 2282 causamg
1812 2248 1861 2277 sed

1016 2293 1107 2318 tamen
1141 2297 1194 2317 non
1218 2297 1328 2326 semper
1360 2294 1489 2327 respectu
1516 2292 1661 2329 praesciti
1686 2293 1744 2322 sive
1765 2294 1860 2322 futuri.

1096 2337 1231 2364 Futurum
1245 2338 1318 2365 enim
1331 2338 1358 2365 in
1372 2338 1471 2375 triplici
1485 2339 1642 2367 differentia
1653 2342 1702 2369 est.
1716 2341 1860 2377 Quoddam

179 2521 183 2535 ¹
203 2520 257 2549 Cap.
280 2522 312 2543 13.
331 2527 352 2543 n.
372 2522 407 2543 2⁴2.
426 2521 483 2543 Vide
502 2522 537 2543 liic
556 2522 585 2544 iit.
603 2521 715 2549 Magistri,
733 2528 752 2544 c.
774 2523 790 2544 1.

176 2560 185 2574 ²
203 2560 234 2582 De
252 2567 297 2589 qua
316 2560 368 2582 xide
386 2567 454 2588 supra
474 2560 495 2582 d.
514 2560 534 2582 5.
553 2567 572 2582 a.
592 2561 612 2582 2.
631 2568 653 2589 q.
671 2562 691 2583 2.
710 2561 812 2583 fundum.
832 2562 852 2583 2.
870 2564 892 2584 ct
904 2561 958 2584 ibid.

115 2599 170 2621 dub.
189 2599 209 2621 3.

179 2638 188 2652 3
204 2638 254 2660 Vat.
273 2644 325 2660 cum
344 2638 396 2660 edd.
415 2637 441 2665 t,
460 2638 485 2660 5:
504 2639 537 2660 est
554 2638 578 2660 in
599 2638 683 2661 sciente
708 2640 734 2661 ut
759 2639 784 2661 in
808 2645 853 2662 sua
879 2645 958 2662 causa.

115 2676 193 2699 Nostra
211 2678 275 2699 lectio
294 2677 442 2699 confirmatur
459 2683 486 2699 ex
503 2678 615 2700 solutione
632 2678 661 2700 ad
679 2679 718 2701 ult.
736 2685 784 2706 arg.
802 2691 833 2694 —
850 2679 899 2700 Mox
918 2685 959 2706 pro

114 2716 142 2737 itt
158 2715 181 2738 in
199 2721 272 2739 causa
289 2716 356 2738 codd.
374 2716 447 2738 DEK
467 2717 491 2739 ut
508 2722 553 2739 sua
569 2722 655 2744 causa,
681 2717 717 2739 alii
734 2717 801 2739 codd.
828 2723 881 2739 cum
906 2717 958 2739 edd.

117 2755 142 2782 l,
160 2755 186 2782 2,
205 2755 217 2776 3
236 2756 261 2777 ut
278 2761 358 2778 causa.
377 2767 407 2771 —
424 2756 455 2777 De
473 2756 629 2783 propositione
646 2756 744 2778 minori:
762 2755 802 2778 secl
818 2762 886 2779 omne
898 2756 961 2785 quod

115 2794 148 2815 est
164 2793 188 2815 in
205 2793 267 2821 Deo,
288 2794 322 2815 est
337 2799 352 2815 a
371 2794 428 2822 Deo,
449 2794 502 2816 vide
519 2800 587 2821 supra
614 2794 635 2816 d.
663 2794 767 2816 XXXVI.
786 2800 806 2817 c.
825 2795 845 2816 ⁴2.
864 2801 912 2823 seq.
939 2797 960 2816 et

115 2831 169 2853 ibid.
188 2830 314 2854 Comment.
333 2838 352 2853 a.
376 2832 391 2853 Ι.
411 2838 431 2860 q.
455 2833 471 2854 i.
490 2838 531 2854 nec
548 2839 592 2854 non
611 2839 630 2855 a.
649 2833 669 2855 3.
688 2840 709 2862 q.
733 2834 748 2855 1.
775 2840 823 2862 seq.
848 2845 879 2849 ——
904 2833 959 2855 Dein

116 2874 167 2897 post
180 2870 326 2899 praescitum
344 2871 393 2893 Vat.
411 2871 473 2893 adun
500 2871 643 2899 necessario,
669 2874 690 2894 et
715 2873 817 2900 proxime
842 2876 892 2900 post
917 2878 959 2899 pro

114 2909 305 2939 praecoqnia'one
323 2911 372 2932 cod.
392 2911 409 2931 T
428 2910 544 2933 substituit
560 2911 697 2940 cognitione.

1079 2522 1087 2536 ⁴¹
1106 2524 1155 2545 Vnt.
1173 2524 1220 2545 sic:
1238 2523 1335 2547 Ratione
1353 2524 1518 2548 antecessionis
1535 2532 1595 2554 non,
1616 2526 1671 2556 quia
1689 2526 1732 2549 ltoc
1749 2527 1812 2556 quod
1828 2529 1861 2550 est

1016 2562 1085 2585 ante.
1105 2567 1151 2584 non
1171 2561 1225 2585 (licit
1242 2565 1283 2584 etc.

1079 2599 1088 2613 ⁵
1106 2599 1198 2627 Quaest.
1221 2600 1236 2622 l.
1256 2606 1273 2622 c.
1294 2601 1319 2622 2:
1338 2601 1412 2629 Quare
1431 2608 1483 2624 curn
1503 2602 1565 2630 dicoy
1584 2603 1637 2631 quia
1654 2603 1672 2624 si
1689 2604 1786 2631 praescit
1800 2603 1860 2625 Deus

1016 2637 1115 2665 aliquid,
1134 2644 1226 2660 necesse
1243 2641 1288 2667 cst,
1306 2639 1362 2662 illud
1384 2646 1434 2662 esse
1456 2641 1572 2667 suturum3
1592 2641 1654 2669 quod
1671 2641 1732 2663 idem
1750 2645 1783 2664 cst
1799 2647 1825 2664 ac
1842 2643 1860 2663 si

1017 2676 1107 2699 dicam:
1125 2678 1143 2699 si
1160 2678 1217 2706 crit,
1235 2684 1261 2700 ex
1280 2680 1411 2701 necessitate
1429 2680 1477 2702 erit.

1079 2714 1087 2728 ἢ
1106 2716 1194 2737 Scilicet
1210 2716 1378 2745 praescientia,
1404 2719 1442 2746 qui
1468 2719 1579 2741 terminus
1605 2719 1657 2740 nihil
1683 2719 1795 2747 significat
1818 2720 1859 2742 nisi

1016 2755 1196 2777 antecessionem
1213 2756 1326 2778 scientiae.
1345 2756 1451 2779 Similiter
1468 2757 1522 2779 dicit
1538 2757 1598 2779 Alex.
1616 2757 1663 2779 Hal.
1682 2758 1713 2786 (S.
1725 2764 1747 2785 p.
1760 2758 1774 2779 1.
1788 2764 1809 2786 q.
1823 2757 1859 2780 24.

1017 2800 1046 2816 m.
1066 2795 1112 2822 24:
1131 2794 1278 2816 I‘racscicntiu
1297 2795 1468 2823 approbationis
1486 2799 1560 2824 potest
1577 2796 1652 2819 <licere
1669 2802 1762 2819 causam
1774 2798 1859 2820 ratione

1016 2833 1192 2863 approbationis
1209 2835 1343 2858 intellectae.
1362 2841 1406 2857 non
1424 2836 1510 2858 ratione
1528 2835 1706 2863 antecessione,
1727 2842 1785 2865 quae
1799 2837 1861 2859 intet-

1017 2874 1093 2901 ligitur
1110 2880 1151 2900 por
1167 2874 1227 2896 unte.

1877 2071 1981 2089 Itistinctio.

1876 2351 1949 2374 Triplex
1963 2352 1990 2369 su-

1899 2377 1966 2393 turum.
