2215 3404
0 636 2 648 l

0 718 2 741 l

0 744 34 777 ΔΛᾶ
46 757 118 783 opposi-

0 790 1 793 ¹
39 783 83 799 lum·

9 1647 95 1666 undamen
98 1649 114 1665 ta
117 1661 121 1665 .

669 128 751 156 DIST.
773 127 883 156 XXXIII.
905 127 977 155 ΛΒΤ.
1000 127 1115 155 UNICUS
1136 127 1270 163 QUAEST.
1292 128 1334 156 IV.
1818 129 1872 156 579

891 274 1054 311 QUAESTIO
1074 275 1116 303 IV.

429 384 532 412 Utrum
554 383 653 411 eadem
671 383 840 420 proprietas
861 383 895 411 de
915 391 945 411 se
966 383 1032 419 ipsa
1054 382 1267 411 denominative
1284 383 1461 419 praedicari
1479 383 1578 420 possit.

208 516 312 552 Quarto
333 515 479 552 quaeritur
500 515 534 543 de
549 515 755 552 comparatione
770 515 896 543 eiusdem
911 523 975 552 pro-

130 562 255 599 prietatis
269 562 304 590 ad
321 570 349 590 se
364 562 462 598 ipsam.
484 562 635 597 Quaeritur
650 561 748 598 igitur,
763 564 860 589 utrum
875 561 971 589 eadem

129 608 285 645 proprietas
306 608 364 636 sive
386 607 460 636 notio
488 608 668 644 praedicetur
697 607 731 636 de
760 615 788 636 se
815 607 974 636 denomina-

129 656 185 684 tive
197 655 212 682 ¹.
236 655 267 683 Et
287 655 362 692 quod
384 655 437 689 sie,
460 654 589 683 videtur:

214 703 234 730 1.
259 702 307 730 Per
328 701 431 734 simile,
454 702 519 738 quia
539 702 676 730 adieetiva
696 701 863 729 essentialia
892 701 973 730 deno-

131 748 236 776 minant
257 748 411 781 abstracta,
433 751 465 776 ut
486 748 648 784 magnitudo
670 751 711 776 est
734 756 848 784 magna,
870 750 897 776 et
928 747 973 775 bo-

130 795 202 823 nitas
222 798 264 823 est
285 795 371 823 hona:
394 802 460 831 ergo
482 795 540 831 pari
564 795 669 822 ratione
684 794 825 831 generatio
840 797 972 831 generat.

129 845 155 870 et
176 841 290 878 spiratio
312 841 407 878 spirat.

206 889 232 916 2.
255 887 335 922 Item,
363 889 428 924 quia
450 887 477 915 111
504 887 634 923 11111111.ςῖ
655 890 697 915 θεῖ
725 890 825 921 status,
854 887 916 915 ideo
944 894 973 915 se

128 935 195 971 ipsis
210 934 426 963 denominantur
438 950 476 954 -—
490 934 565 962 unde
581 934 673 962 unitas
694 942 723 962 se
739 934 798 970 ipsa
812 936 853 962 est
869 941 925 961 una
935 950 973 952 —

127 989 193 1018 ergo
213 989 277 1009 eum
298 981 484 1017 proprietates
506 980 669 1017 personales
690 988 744 1008 non
767 980 888 1008 habeant
902 980 973 1016 prio-

126 1036 184 1063 res,
205 1028 290 1056 immo
311 1028 386 1064 ipsae
407 1027 514 1064 primae
536 1027 603 1061 sint,
626 1032 691 1056 tunc
712 1035 742 1055 se
758 1027 831 1063 ipsas
852 1027 974 1055 denomi-

127 1078 202 1103 nant.

206 1122 230 1150 3.
253 1122 333 1153 Item.
356 1121 500 1150 indefinita
521 1120 691 1149 affirmativa
712 1120 883 1157 aequipollet
912 1129 973 1157 par—

126 1169 262 1203 ticulari³‚
284 1177 350 1205 ergo
371 1168 535 1205 simpliciter
551 1168 741 1202 eonvertit11r3
763 1168 812 1196 sed
829 1168 898 1196 haee
913 1176 974 1196 0011-

126 1216 249 1245 oeditur:
272 1223 408 1253 generans
429 1218 471 1244 est
492 1216 645 1252 paternitas
667 1215 724 1244 sive
740 1215 892 1251 generatio:
909 1223 974 1251 ergo

127 1263 269 1299 generatio
290 1265 332 1291 est
353 1270 498 1299 generans.

204 1310 230 1338 [1.
253 1310 336 1341 1ῖθ111,
358 1309 380 1337 si
395 1309 464 1337 haee
478 1317 532 1337 non
549 1309 727 1337 conceditur:
744 1309 897 1345 paternitas
912 1310 972 1338 est⁴

127 1364 278 1393 generans,
300 1359 349 1384 aut
370 1356 422 1384 hoo
437 1359 479 1384 est
500 1358 614 1392 propter
630 1357 841 1392 repugnantiam
864 1364 879 1384 a
894 1359 973 1392 parte

126 1404 185 1437 ret,
207 1406 255 1431 aut
275 1411 291 1431 a
313 1406 391 1439 parte
405 1402 501 1430 morli.-
523 1410 575 1430 non
591 1410 608 1430 a
622 1406 702 1438 parte
717 1402 774 1436 rei,
794 1403 859 1439 quia
874 1402 971 1431 eadem

126 1458 171 1479 res
191 1454 247 1483 est,
270 1457 323 1477 11011
346 1457 362 1477 a
383 1452 461 1486 parte
482 1449 578 1480 morti,
602 1449 667 1485 qnia
692 1449 790 1477 eadem
817 1449 972 1485 proprietas

126 1501 153 1527 et
174 1497 272 1526 relatio
294 1498 477 1533 importatur:
501 1504 567 1531 ergo
588 1496 666 1524 nullo
688 1496 771 1524 modo
799 1498 840 1524 est
869 1496 905 1524 ibi
933 1504 974 1524 re-

127 1544 290 1582 pugnantia:
314 1551 380 1580 ergo
402 1543 504 1571 locutio
526 1542 690 1579 simpliciter
710 1545 752 1570 est
774 1550 848 1570 vera.

205 1591 335 1619 CONTRA:
361 1591 384 1618 ’1.
407 1589 482 1617 Sicut
502 1589 649 1626 proprium
671 1588 850 1625 proprietatis
871 1592 913 1617 est
935 1589 973 1617 di-

128 1638 282 1674 stinguere,
304 1637 343 1665 εἰς
365 1636 511 1673 proprium
534 1639 575 1664 est
604 1643 739 1672 personae
767 1636 850 1663 aliam
871 1636 973 1673 produ-

128 1692 203 1719 cere;
224 1684 273 1713 sed
294 1684 363 1712 haec
391 1686 433 1712 est
462 1683 543 1711 salsa:
566 1690 685 1719 persona
718 1683 879 1719 distinguit,
907 1683 972 1719 quia

127 1739 181 1759 non
196 1730 355 1767 distinguit,
377 1730 463 1758 immo
489 1729 685 1766 distinguitur:
708 1736 775 1765 ergo
799 1729 909 1757 ethaeo
931 1732 972 1757 est

127 1776 209 1805 falsa:
232 1776 388 1813 proprietas
409 1778 532 1812 generat.

206 1824 232 1851 Ξ.
260 1823 338 1857 Item,
359 1830 468 1850 «omne
499 1822 574 1858 quod
606 1822 746 1856 refertur,
777 1824 819 1850 est
849 1821 971 1858 aliquid,

127 1873 243 1907 excepto
264 1878 311 1904 eo,
334 1869 407 1906 quod
430 1869 546 1897 relative
567 1869 726 1902 dieitur⁵»;
747 1868 796 1897 sed
815 1868 971 1905 proprietas

127 1925 181 1946 11011
202 1920 244 1946 est
265 1917 316 1945 nisi
338 1916 451 1945 relatio:
480 1923 547 1952 ergo
578 1916 733 1952 proprietas
755 1923 809 1943 11011
842 1915 970 1943 refertur.

127 1964 179 1993 Sed
200 1971 335 2001 generare
360 1966 402 1992 est
427 1963 541 1992 referri:
567 1970 634 1999 ergo
659 1963 817 1999 proprietas
844 1970 899 1990 non
929 1970 972 1999 ge-

127 2013 214 2039 nerat.

206 2057 230 2085 3.
254 2057 332 2091 Item,
353 2057 510 2093 proprietas
531 2057 663 2093 importat
683 2056 818 2092 originem
844 2058 871 2084 et
902 2055 971 2084 rela-

127 2103 244 2132 tionem:
266 2111 332 2140 ergo
351 2103 372 2132 si
389 2111 476 2140 supra
497 2110 526 2131 se
548 2102 700 2131 reflectitur
722 2105 749 2130 et
770 2110 799 2131 se
817 2102 905 2138 ipsam
927 2102 971 2130 de-

127 2150 265 2183 nominat,
285 2153 351 2179 tuno
372 2158 439 2186 ergo
460 2149 575 2186 originis
596 2150 649 2178 erit
669 2149 747 2186 origo
773 2152 799 2178 et
827 2149 970 2177 relationis

127 2195 239 2230 relati03
261 2196 336 2233 quod
357 2196 442 2224 habet
463 2195 647 2232 Philosophus
659 2195 668 2209 ⁰
688 2198 715 2223 et
729 2195 819 2223 omnis
835 2195 905 2223 ratio
919 2203 970 2232 pro

128 2242 338 2271 inconvenienti.

190 2387 195 2400 ¹
214 2386 365 2409 Commutatis
381 2386 475 2408 verbis:
492 2390 570 2408 utrum
588 2389 652 2409 actus
664 2387 796 2414 personales
808 2387 970 2415 praedicentur
997 2387 998 2398 ³

127 2426 155 2448 de
172 2425 349 2454 proprietatibus
366 2432 407 2453 per
425 2425 521 2447 modum
539 2425 749 2454 denominativum,
768 2427 796 2448 ita
815 2429 840 2448 nt
856 2426 901 2448 dici
919 2432 970 2453 pos·
997 2432 998 2456 1

126 2466 167 2487 sit:
185 2465 301 2492 generatio
319 2466 425 2492 generat,
443 2465 537 2491 spiratio
555 2465 634 2492 spirat.
997 2457 998 2464 ¹

188 2504 196 2518 ‘2
213 2504 285 2526 Simul
303 2503 368 2526 audi:
386 2504 478 2531 formis,
496 2504 532 2525 vel
551 2503 713 2526 intentionibus
730 2504 780 2526 sive
792 2504 969 2526 conditionibus.

126 2541 170 2565 cfr.
187 2549 256 2570 supra
274 2548 327 2570 pag.
345 2542 382 2568 78,
401 2544 453 2563 nota
475 2542 508 2563 13.

187 2580 196 2595 3
213 2581 250 2602 Sic
262 2581 318 2602 haec
329 2579 445 2602 indefinita
458 2580 583 2607 propositio
595 2580 744 2602 affirmativa:
763 2581 832 2602 homo
844 2583 879 2602 est
889 2581 969 2607 iustus,
997 2590 999 2606 1

126 2619 254 2647 aequivalet
270 2619 323 2641 huic
340 2619 415 2641 alteri:
434 2618 516 2647 aliquis
533 2619 603 2640 homo
615 2621 649 2641 est
666 2620 746 2641 iustus.
764 2619 820 2641 Nam
832 2620 906 2647 prima
920 2625 969 2646 pro-

126 2659 220 2685 positio:
236 2659 306 2680 homo
323 2660 358 2680 est
374 2659 458 2686 iustus,
477 2658 607 2686 aequivalet
623 2664 678 2681 suae
703 2659 853 2686 propositioni
877 2664 969 2680 conver-

126 2702 174 2719 sae:
192 2697 284 2725 aliquod
301 2697 387 2719 iustum
404 2699 438 2718 est
459 2697 540 2725 homo,
559 2703 619 2725 quae
636 2698 763 2724 propositio
781 2700 805 2719 ut
827 2697 969 2724 particularis

126 2735 257 2762 simpliciter
273 2736 414 2757 convertitur
430 2736 452 2757 in
470 2736 543 2757 hanc:
561 2735 643 2764 aliquis
655 2736 725 2757 homo
742 2738 776 2758 est
787 2736 867 2758 iustus.
880 2736 910 2757 Ex
922 2741 969 2764 qno

127 2774 237 2802 sequitur,
256 2776 280 2795 ut
297 2777 319 2796 et
344 2774 400 2795 haec
426 2774 566 2802 propositio:
588 2775 658 2796 1101110
682 2777 717 2797 cst
733 2775 821 2802 iustus,
839 2775 971 2802 simpliciter
997 2788 998 2801 1

127 2813 228 2834 converti
245 2813 318 2840 possit
333 2813 355 2834 in
372 2812 445 2834 illam:
463 2813 537 2835 iustus
553 2815 587 2835 est
604 2814 681 2835 homo.

189 2849 195 2861 ‘
214 2851 261 2873 Non
279 2852 346 2879 pauci
363 2851 430 2873 codd.
448 2857 501 2873 cuni
518 2851 570 2873 edd.
593 2852 610 2879 l,
629 2853 649 2880 Ξ,
668 2852 681 2874 3
699 2852 772 2874 verbo
789 2853 824 2875 est
839 2852 968 2880 praefigunt

127 2895 184 2918 non,
204 2893 226 2912 at
242 2896 377 2919 perperam,
396 2894 420 2912 ut
436 2891 482 2912 iam
499 2897 525 2912 ex
542 2894 679 2918 argumento
697 2891 842 2919 praecedenti
860 2892 937 2919 liquet.

1109 515 1135 543 [1,
1158 514 1240 548 item,
1262 522 1326 543 eum
1353 515 1470 543 dieitur:
1501 516 1641 552 generatio
1670 520 1800 552 generat,
1826 520 1875 545 aut

1030 562 1148 590 verbum
1170 562 1343 590 construitur
1365 562 1471 591 ratione
1498 563 1659 598 suppositi,
1691 565 1739 591 aut
1767 563 1874 591 ratione

1029 605 1161 643 formae:
1178 615 1231 635 non
1246 605 1377 644 formae,
1394 608 1459 644 quia
1475 612 1617 645 respectus
1635 617 1690 637 non
1710 609 1802 645 agit⁷;
1823 617 1873 638 nee

1030 653 1135 681 ratione
1156 653 1313 690 suppositi,
1339 654 1405 690 quia
1433 655 1576 690 supposita
1597 655 1706 683 notione
1732 664 1785 683 non
1812 664 1875 692 sup-

1029 699 1142 735 ponitur
1163 707 1281 736 per-sona
1302 717 1341 720 —
1359 700 1463 736 aliquid
1486 700 1559 729 enim
1581 702 1707 729 convenit
1729 709 1872 738 personae,

1030 745 1105 782 quod
1126 754 1179 773 non
1202 746 1321 780 notioni,
1343 751 1374 775 ut
1395 754 1481 783 snpra
1502 750 1643 775 ostensum
1666 748 1726 776 θεῖ,Β
1748 765 1787 768 —
1808 756 1873 785 ergo

1032 791 1133 820 locutio
1155 793 1317 829 simpliciter
1339 797 1380 822 est
1402 793 1478 822 falsa.

1350 894 1561 915 CONCLUSIO.

1064 979 1237 1015 Proprietas
1260 979 1341 1008 nulla
1362 988 1392 1007 se
1413 980 1509 1016 ipsam
1531 980 1719 1009 denominare
1736 985 1836 1018 potest.

1112 1073 1283 1101 Rsssroivnuo:
1298 1073 1460 1107 Dicendum,
1473 1074 1547 1110 qnod
1558 1074 1714 1110 praedictae
1725 1075 1876 1105 locutiones
1889 1084 1994 1103 cont-insto.

1032 1124 1096 1149 sunt
1116 1120 1215 1153 falsae;
1233 1120 1309 1148 nulla
1327 1120 1400 1149 enim
1420 1120 1494 1148 notio
1513 1121 1672 1150 denominat
1694 1130 1723 1150 se
1738 1123 1834 1159 ipsam.

1112 1166 1141 1194 Et
1162 1166 1233 1194 ratio
1255 1166 1339 1194 huius
1361 1170 1420 1200 est,
1441 1167 1507 1203 qnia
1538 1167 1725 1197 denominatio
1757 1169 1874 1198 notionis
1888 1178 1949 1196 nano.

1032 1213 1163 1249 importat
1184 1213 1397 1241 emanationem
1429 1217 1459 1241 nt
1487 1217 1599 1248 artum,
1629 1215 1760 1252 importat
1791 1216 1873 1244 etiam

1031 1259 1201 1287 relationem
1212 1260 1229 1287 ⁹.
1254 1260 1283 1288 Et
1304 1260 1436 1297 quoniam
1454 1261 1611 1297 productio
1625 1263 1739 1299 proprie
1758 1267 1799 1292 est
1814 1271 1877 1300 sup—

1031 1306 1128 1342 positi,
1150 1314 1204 1334 non
1226 1306 1347 1341 formae,
1369 1307 1497 1336 similiter
1518 1308 1621 1336 relatio
1642 1312 1684 1337 est
1705 1309 1824 1339 alieuius
1846 1314 1874 1338 ui

1031 1353 1184 1389 suppositi:
1214 1353 1276 1381 ideo
1304 1354 1395 1382 omnis
1423 1354 1486 1382 talis
1517 1355 1705 1384 denominatio
1736 1357 1878 1385 concernit

1030 1400 1216 1436 suppositum.
1237 1400 1294 1428 Non
1317 1400 1354 1429 sic
1377 1404 1418 1429 est
1439 1401 1474 1429 de
1496 1402 1716 1438 proprietatibus
1748 1404 1877 1432 essentia-

1030 1446 1208 1475 libus—vel
1223 1450 1254 1475 ut
1268 1450 1310 1475 est
1324 1447 1359 1475 de
1380 1448 1479 1484 primis
1490 1448 1517 1482 ¹⁰,
1532 1451 1564 1476 ut
1578 1448 1613 1477 de
1634 1457 1690 1477 uno
1713 1452 1740 1478 et
1762 1458 1878 1478 vero—

1030 1494 1115 1521 immo
1137 1493 1290 1530 respiciunt
1311 1494 1449 1527 formam3
1471 1495 1534 1523 ideo
1556 1496 1736 1525 denominant
1748 1505 1777 1526 se
1792 1497 1873 1534 ipsas.

1031 1541 1109 1576 Quod
1131 1541 1197 1577 quia
1218 1549 1272 1569 non
1294 1544 1336 1570 est
1367 1542 1393 1569 111
1426 1542 1590 1571 huiusmodi
1621 1543 1766 1572 adiectivis
1792 1545 1877 1573 notio-

1030 1587 1128 1621 nibus,
1157 1596 1211 1616 non
1241 1591 1359 1624 possunt
1387 1588 1541 1617 locutiones
1570 1597 1631 1618 esse
1659 1598 1742 1619 verae
1770 1591 1877 1620 ratione

1028 1633 1153 1671 formae.
1186 1635 1297 1664 Ratione
1323 1643 1390 1663 vero
1417 1636 1562 1672 suppositi
1590 1645 1643 1665 non
1672 1641 1790 1674 possunt
1815 1645 1876 1666 esse

1029 1689 1132 1715 verae,
1154 1681 1220 1717 quia
1241 1681 1316 1709 notio
1331 1690 1385 1710 non
1401 1682 1533 1718 supponit
1548 1691 1712 1719 personam,
1732 1684 1797 1720 quia
1818 1684 1878 1721 plu-

1030 1735 1075 1756 res
1096 1728 1221 1756 notiones
1243 1731 1308 1756 sunt
1329 1728 1356 1756 in
1380 1728 1477 1757 eadem
1500 1737 1627 1765 persona.
1645 1730 1768 1759 Essentia
1784 1734 1873 1760 tamen

1030 1774 1161 1811 supponit
1182 1774 1383 1809 substantiam,
1406 1775 1472 1811 quia
1493 1784 1549 1804 una
1571 1779 1612 1804 est
1633 1778 1753 1805 essentia
1772 1781 1799 1806 et
1819 1786 1876 1806 una

1030 1821 1201 1855 substantia3
1223 1824 1249 1849 et
1270 1821 1332 1849 ideo
1347 1821 1415 1849 haec
1431 1824 1473 1850 est
1494 1829 1575 1850 vera:
1593 1822 1681 1851 deitas
1696 1827 1787 1858 creat,
1809 1824 1875 1860 quia

1029 1867 1117 1895 deitas
1138 1868 1269 1904 supponit
1291 1868 1396 1901 Deum3
1418 1868 1486 1896 haee
1507 1871 1601 1897 autem
1624 1869 1706 1898 falsa:
1723 1870 1875 1906 paternitas

1029 1917 1160 1950 generat,
1182 1914 1248 1950 quia
1269 1922 1323 1942 non
1345 1915 1477 1951 supponit
1500 1915 1617 1943 Patrem.

1110 1962 1133 1988 1.
1156 1962 1182 1989 Ξ.
1204 1961 1283 1997 Quod
1305 1961 1435 1989 obiicitur
1457 1961 1491 1989 de
1511 1962 1725 1990 conditionibus
1740 1964 1873 1992 essentia·
1897 1970 1968 2001 Salutio
1981 1975 2014 1993 οι]-

1029 2007 1114 2041 lt'bas,
1130 2010 1157 2035 et
1172 2007 1206 2035 de
1223 2007 1350 2043 primis,
1372 2011 1463 2044 patet.
1485 2008 1559 2045 qnod
1582 2017 1636 2036 11011
1658 2012 1699 2037 θεῖ
1721 2010 1810 2038 simile
1832 2019 1873 2039 ra-
1885 1995 1993 2016 ΜΛΝ-ΗΜ

1029 2054 1101 2082 tione
1114 2054 1129 2068 ¹¹
1153 2054 1205 2081 iam
1229 2054 1310 2082 diota.
1332 2071 1371 2074 —
1393 2055 1482 2083 Potest
1503 2058 1596 2084 tamen
1619 2056 1800 2086 nihilominus
1818 2057 1869 2086 alia
1886 2063 1928 2081 :uia
1942 2064 1995 2081 ratin-

1028 2101 1099 2129 ratio
1119 2100 1270 2137 assignari,
1292 2100 1358 2137 quia
1381 2104 1524 2137 respectus
1547 2101 1670 2131 reflexus
1691 2110 1777 2140 supra
1796 2103 1873 2132 absoss

1029 2148 1120 2176 lutum
1142 2147 1179 2175 ihi
1201 2147 1362 2184 quietatur,
1383 2147 1421 2175 ita
1446 2148 1521 2184 quod
1547 2148 1706 2177 ahsolutum
1734 2151 1872 2186 respectui

1027 2195 1075 2223 dat
1095 2194 1326 2228 fundamentum,
1347 2197 1374 2222 et
1395 2198 1539 2231 respectus
1561 2195 1608 2223 dat
1627 2196 1870 2233 complementum.

1027 2241 1079 2270 Sed
1101 2249 1165 2269 eum
1188 2243 1330 2277 respectus
1352 2240 1504 2269 reflectitur
1526 2249 1612 2278 supra
1633 2250 1677 2276 se,
1707 2243 1772 2279 quia
1800 2246 1872 2272 uter-

1089 2386 1099 2399 -‚
1115 2386 1220 2413 August„
1234 2385 1277 2407 vn.
1291 2385 1319 2407 de
1332 2385 1394 2406 Trin.
1408 2391 1426 2406 c.
1444 2386 1460 2406 1.
1474 2391 1495 2407 n.
1514 2386 1535 2407 ⁴2.
1547 2398 1577 2401 —
1589 2386 1645 2408 Mox.
1659 2387 1722 2409 inulti
1739 2387 1806 2409 codd.
1819 2394 1872 2410 cum

1027 2424 1079 2446 odd.
1099 2425 1118 2451 2,
1138 2424 1158 2452 3,
1178 2423 1197 2451 4,
1216 2424 1237 2452 5,
1256 2424 1268 2445 6
1287 2427 1339 2451 post
1357 2429 1404 2445 11011
1421 2425 1455 2446 est
1471 2425 1529 2446 malo
1547 2425 1654 2447 omittunt
1671 2424 1733 2452 11ίεὶ,·
1752 2426 1819 2448 codd.
1832 2433 1873 2448 au-

997 2473 998 2483 i
1027 2466 1072 2485 toni
1091 2463 1108 2484 T
1120 2463 1135 2484 Z
1153 2470 1178 2484 rt·
1197 2469 1248 2484 (11111
1267 2463 1303 2485 ed.
1326 2464 1330 2484 Ι
1352 2463 1431 2490 legunt
1447 2462 1488 2485 sed
1502 2463 1636 2492 proprietas
1653 2465 1688 2486 est
1704 2464 1794 2487 ralatio.

1089 2502 1098 2515 ’ἶ
1115 2502 1147 2524 De
1165 2508 1211 2530 qno
1230 2502 1282 2523 vide
1300 2508 1369 2529 supra
1387 2508 1440 2529 pag.
1459 2501 1511 2530 453,
1530 2505 1580 2524 nota
1599 2503 1620 2524 8.
1635 2503 1746 2525 -1)ε11110
1763 2505 1871 2531 superius

1026 2541 1096 2563 verba
1114 2541 1136 2564 .ςί
1151 2547 1226 2571 ,ευριπ
1243 2547 1267 2563 se
1284 2540 1414 2569 reflectitur
1431 2541 1492 2563 idem
1510 2541 1639 2569 significant
1656 2548 1682 2564 ac
1699 2542 1720 2564 sa·
1730 2542 1757 2565 (le.
1769 2548 1793 2565 se
1803 2549 1870 2572 prae-

1026 2580 1127 2603 dit-atur.

1087 2619 1097 2633 ⁷
1114 2619 1219 2641 Actiones
1241 2619 1301 2641 enini
1327 2622 1380 2641 sunt
1406 2620 1586 2646 suppositorum.
1604 2631 1636 2635 -—
1660 2620 1727 2641 Paulo
1753 2623 1804 2642 ante
1828 2626 1871 2648 pro

1025 2664 1074 2681 non
1090 2657 1183 2687 formae
1200 2658 1268 2680 codd.
1287 2658 1305 2679 V
1316 2658 1337 2679 X
1349 2663 1397 2680 non
1409 2657 1501 2681 ratione
1517 2657 1616 2686 formae.
1628 2671 1659 2674 ——
1670 2659 1702 2680 De
1714 2660 1872 2687 propositione

1025 2699 1129 2726 sequenti
1148 2698 1201 2719 vide
1218 2703 1272 2725 pag.
1290 2697 1343 2725 576,
1361 2700 1413 2719 nota
1436 2698 1452 2719 I.

1087 2736 1097 2750 8
1114 2736 1154 2758 Hic
1172 2743 1193 2765 q.
1216 2737 1233 2758 1.
1251 2739 1273 2758 et
1290 2737 1310 2758 2.
1327 2748 1360 2752 —
1378 2736 1446 2758 Paulo
1463 2740 1515 2758 ante
1532 2736 1612 2759 vorbis
1628 2736 1692 2766 quod
1707 2743 1756 2760 non
1773 2737 1824 2760 cod.
1837 2737 1869 2760 hb

1025 2774 1129 2802 adiungit
1146 2773 1258 2797 convenit.

1087 2813 1096 2827 '³
1114 2813 1169 2835 Cod.
1188 2813 1206 2835 Y
1224 2813 1287 2835 addit
1305 2814 1331 2835 ut
1346 2813 1450 2836 modum.

1090 2851 1108 2865 ¹⁰
1126 2852 1235 2879 Intellige:
1253 2852 1424 2874 intentionibus.

1089 2890 1105 2904 ¹1
1125 2891 1184 2913 Multi
1203 2890 1270 2912 codd.
1287 2891 1414 2919 incongrue
1431 2891 1458 2913 (Ie
1476 2891 1578 2920 ratione,
1598 2891 1647 2914 eod.
1666 2892 1697 2914 hl]
1715 2893 1794 2914 verius
1811 2898 1847 2915 ΛΓ.
