2215 3404
190 1818 222 1837 Aci
234 1818 309 1841 opposi-

316 213 371 240 3502

314 289 478 326 intelligitur
500 296 619 325 persona
642 287 729 316 Patris
750 290 781 315 ut
803 286 932 315 distincta
954 287 1011 315 sive
1032 286 1160 323 hyposta-

315 337 352 366 sis
374 336 429 365 illa.
451 336 519 364 Nam
546 335 703 372 proprietas
725 333 962 367 innascibilitatis,
982 336 1013 362 ut
1038 333 1161 370 proprie-

314 387 369 418 tas,
390 383 507 412 includit
528 382 713 420 proprietates
727 383 754 410 et
768 380 916 410 relationes
938 383 1067 417 respectu
1088 379 1161 417 priu-

314 431 422 469 cipiati;
444 430 583 467 alioquin,
614 432 645 458 ut
673 436 759 466 supra
780 430 923 457 ostensum
949 430 991 457 est
1004 428 1022 462 ¹,
1043 435 1098 456 non
1119 429 1161 456 est

314 477 479 515 proprietas.

394 524 419 553 3.
442 523 480 552 Ad
513 523 582 551 illud
613 522 689 559 quod
719 522 865 556 obiicitur,
896 521 971 558 quod
1003 521 1160 558 proprietas

314 571 468 609 personalis
500 570 566 599 dicit
598 572 686 598 totum
718 576 778 597 esse
809 576 960 605 personae:
993 567 1159 597 dicendum.

316 618 390 655 quod
406 617 428 646 si
444 617 554 645 dicatur
577 619 666 644 ioiuxm.
687 624 762 648 esse,
786 615 813 643 id
829 617 870 643 est
888 613 1066 651 perfectu-m,
1088 621 1160 641 com-

312 664 422 701 pletum
443 666 470 692 et
487 663 656 700 proprium,
679 662 717 691 sic
739 661 823 690 habet
844 661 998 689 veritatem.
1019 660 1044 688 Si
1067 663 1161 688 autem

316 711 502 748 intelligatur,
523 709 599 747 quod
621 709 694 738 dicat
716 712 806 736 totum
826 716 901 741 esse,
924 708 952 736 id
978 710 1019 735 est
1049 715 1161 735 omnem

317 757 516 786 habitudinem
524 767 534 791 ;
555 757 593 785 sic
614 756 716 784 salsum
731 758 786 789 est,
801 755 867 792 quia
887 762 942 782 non
965 754 1047 782 debet
1069 753 1162 782 dicere

1002 208 1254 237 SENTENTIARUM
1276 208 1335 236 LIB.
1360 208 1376 235 l.

1216 294 1349 319 omnem,
1374 285 1423 314 sed
1453 292 1565 313 necesse
1586 287 1637 319 est⁷
1659 285 1734 322 quod
1757 285 1830 313 dicat
1851 292 1943 312 unam
1975 284 2062 312 deter-

1216 331 1379 365 minatam,
1401 333 1449 359 aut
1470 330 1584 359 millam
1605 330 1794 359 determinate
1814 330 1919 358 diceret
1931 329 1951 364 ²,
1977 333 2003 359 ot
2024 330 2062 358 ita

1217 387 1271 407 non
1293 378 1346 407 erit
1366 378 1441 406 notio
1460 377 1634 414 personalis.

1295 426 1321 454 [ι.
1343 425 1382 453 Ad
1411 425 1481 453 illud
1512 425 1587 461 quod
1609 424 1739 453 obiicitur
1760 424 1795 453 de
1816 424 2002 458 Damascene,
2025 424 2064 453 di-

1217 473 1352 505 cendum,
1385 471 1459 508 quod
1491 479 1546 499 non
1576 474 1722 499 enumerat
1754 478 1850 499 omnes
1878 470 2063 508 proprietates

1218 518 1393 556 personales,
1415 518 1571 546 secundum
1593 517 1667 554 quod
1691 517 1860 554 personales,
1876 517 1924 546 sed
1946 516 2063 546 intendit

1218 566 1366 595 relationes
1388 565 1442 593 sub
1464 564 1517 593 illis
1545 564 1798 601 comprehendere:
1822 567 1848 593 et
1873 564 1926 593 sub
1945 572 2064 602 yenera-

1219 612 1293 641 tione
1314 612 1385 640 duas
1403 611 1563 648 personales
1578 611 1799 648 comprehendit,
1815 611 1868 640 sub
1881 611 2064 648 processione

1219 659 1305 691 duas,
1336 666 1422 686 unam
1453 658 1645 695 personalem,
1674 657 1757 686 aliam
1789 666 1842 686 non
1872 658 2047 694 personalem
2056 669 2063 693 ;

1219 706 1288 735 sed³
1309 705 1363 734 sub
1384 704 1602 742 ameum-atione
1617 704 1684 733 dicit
1705 705 1796 733 solum
1813 705 2064 740 innascibilitatem,

1220 759 1291 790 quae
1313 751 1470 788 proprietas
1491 754 1548 785 est,
1569 751 1633 780 licet
1653 759 1708 779 non
1730 750 1892 788 personalis.

1059 887 1320 924 SCHOLION.

383 1031 396 1052 l.
416 1030 438 1052 ln
455 1036 559 1057 respons.
576 1029 709 1056 explicatur,
723 1027 786 1056 quod
799 1030 898 1056 quatuor
909 1027 1065 1055 requiruntur,
1075 1028 1099 1047 ut
1111 1030 1164 1052 pro-

319 1070 403 1098 prietas
415 1070 442 1091 sit
449 1067 595 1098 personalis,
610 1068 657 1089 scil.
671 1067 734 1096 quod
746 1067 773 1089 sit
785 1067 914 1094 proprietas
922 1064 1009 1094 primu,
1022 1065 1075 1093 quia
1088 1064 1163 1091 primo

319 1109 449 1136 distinguit,
465 1107 577 1137 propriu,
597 1113 640 1129 non
659 1107 789 1128 communis
807 1105 890 1134 (qualis
911 1107 944 1127 est
961 1104 1055 1132 spiratio
1073 1102 1163 1129 activa),

320 1153 361 1175 per
378 1146 474 1168 modum
490 1145 626 1175 positionis,
646 1148 668 1167 et
684 1143 859 1173 completionis,
880 1150 925 1172 qua
943 1148 1041 1171 persona
1064 1142 1163 1170 perfecte

319 1187 462 1209 constituitur
479 1187 501 1207 in
519 1192 569 1207 esse
586 1184 707 1213 personali.
720 1184 783 1206 Duae
795 1184 888 1205 ultimae
901 1182 1040 1205 differentiae
1053 1187 1097 1203 nou
1111 1187 1164 1203 cou-

320 1226 414 1247 veniunt
431 1224 609 1251 innascibilitati;
635 1223 697 1245 unde
722 1225 755 1244 cst
780 1222 875 1251 quidem
900 1222 1041 1249 proprietas,
1062 1220 1164 1242 sednon

320 1265 447 1292 personalis
465 1264 514 1291 (cfr.
533 1269 602 1291 supra
620 1262 642 1284 d.
661 1263 697 1284 26.
716 1268 737 1290 q.
756 1261 795 1290 4.).
807 1273 839 1277 -
855 1261 941 1283 Solutio
959 1260 989 1282 ad
1010 1260 1026 1281 l.
1045 1259 1164 1287 supponit,

320 1304 383 1333 quod
400 1310 451 1326 esse
468 1303 587 1331 personale
605 1303 627 1324 in
644 1302 692 1324 Deo
708 1304 743 1324 ost
759 1307 809 1323 esse
825 1299 961 1328 relativum,
977 1300 1029 1328 quia
1047 1299 1093 1321 solu
1112 1298 1166 1320 rela<

1222 1025 1251 1046 tio
1269 1025 1290 1046 in
1308 1024 1355 1046 Deo
1373 1024 1493 1052 distinguit
1509 1030 1628 1052 personas.
1646 1024 1710 1047 Unde
1728 1025 1806 1047 relatio
1819 1025 1959 1053 paternitatis
1974 1025 2068 1048 resultat

1221 1070 1248 1086 ex
1266 1064 1342 1091 genito
1359 1063 1414 1085 Filio
1432 1062 1482 1091 (cfr.
1501 1064 1537 1085 liic
1554 1063 1609 1086 dub.
1629 1064 1667 1092 1.).

1285 1102 1308 1124 ll.
1326 1102 1387 1124 Alex.
1404 1102 1460 1130 Hal,
1479 1102 1500 1124 S.
1519 1108 1541 1130 p.
1560 1102 1574 1124 l.
1588 1109 1609 1130 q.
1628 1103 1664 1125 69.
1683 1108 1713 1125 in.
1732 1103 1752 1124 2.
1770 1103 1790 1125 5.
1808 1115 1840 1119 —
1856 1103 1924 1132 Scot.‚
1942 1103 1979 1126 hic
1997 1109 2019 1132 q.
2038 1104 2067 1132 23

1222 1141 1313 1168 Report,
1332 1142 1369 1163 liic
1386 1147 1408 1169 q.
1430 1141 1450 1162 2.
1467 1153 1498 1157 --
1515 1141 1537 1162 S.
1562 1141 1652 1169 Tuom„
1671 1141 1706 1163 hic
1729 1147 1750 1169 q.
1773 1141 1790 1163 1.
1814 1148 1833 1163 a.
1853 1142 1879 1169 2;
1897 1141 1918 1164 S.
1942 1142 1956 1164 Ι.
1983 1147 2004 1170 q.
2031 1141 2067 1164 33.

1222 1187 1241 1202 a.
1260 1181 1281 1202 2.
1298 1193 1330 1197 —
1346 1181 1369 1202 B.
1388 1180 1479 1208 Albert„
1499 1180 1527 1202 de
1545 1181 1586 1202 bac
1603 1182 1625 1202 et
1641 1186 1689 1208 seq.
1707 1186 1729 1208 q.
1747 1180 1784 1202 liic
1800 1186 1820 1202 a.
1839 1179 1859 1202 4.
1871 1180 1969 1202 ——Pem
1982 1187 1993 1202 a
2007 1180 2068 1208 Tar„

1222 1220 1258 1242 liic
1275 1226 1297 1248 q.
1319 1220 1336 1242 1.
1355 1226 1374 1241 a.
1393 1219 1414 1242 4.
1431 1231 1462 1236 -
1480 1219 1553 1247 AEgid.
1571 1219 1605 1247 R„
1629 1219 1665 1241 liic
1689 1220 1709 1241 l.
1732 1220 1805 1247 princ.
1822 1226 1844 1248 q.
1872 1220 1889 1242 l.
1914 1220 1934 1242 3.
1951 1232 1983 1236 —
2000 1220 2067 1242 Henr.

1222 1259 1303 1287 Gaud.,
1321 1260 1343 1281 S.
1362 1265 1381 1280 a.
1400 1258 1437 1281 57.
1455 1265 1477 1287 q.
1497 1258 1517 1280 li.
1535 1270 1566 1275 —
1582 1258 1692 1286 Durand.‚
1711 1259 1747 1280 liic
1765 1265 1786 1287 q.
1805 1259 1825 1281 2.
1837 1258 1973 1286 —Dionys
1986 1257 2069 1286 Carth„

1223 1298 1259 1319 liic
1277 1304 1298 1326 q.
1319 1298 1338 1319 l.
1356 1298 1379 1319 in
1396 1297 1449 1319 fine.

1081 1422 1244 1459 QUAESTIO
1265 1422 1306 1451 IV.

556 1536 660 1565 Utrum
681 1535 769 1564 elium
790 1533 1063 1571 improcessibilitas
1083 1532 1161 1561 sieut
1181 1531 1399 1560 innascibilitas
1419 1531 1565 1560 notionem
1587 1530 1666 1559 dicat
1688 1531 1719 1559 in
1740 1531 1840 1559 Patre.

401 1671 505 1706 Quarto
526 1668 691 1706 quaeritur,
720 1669 817 1695 utrum
850 1665 1107 1702 improcessibilitas
1133 1664 1167 1693 sit

322 1716 396 1745 notio
417 1715 516 1750 Patris,
532 1715 603 1743 sicut
618 1713 824 1742 innascibilitas.
842 1712 871 1740 Et
886 1712 961 1749 quod
977 1711 1024 1746 sic,
1040 1711 1165 1739 videtur:

404 1764 428 1791 1.
449 1762 528 1799 Quia,
550 1762 622 1790 sicut
643 1761 723 1789 Pater
744 1760 837 1788 differt
857 1768 873 1788 a
894 1759 960 1787 Filio
981 1766 1031 1795 per
1054 1758 1168 1787 innasci-

322 1810 473 1844 bilitatem,
496 1809 533 1837 ita
553 1817 568 1837 a
590 1808 695 1845 Spiritu
717 1810 811 1836 sancto
833 1814 882 1843 per
914 1805 1167 1842 improcessibilita-

322 1860 394 1886 tem:
416 1864 482 1893 ergo
504 1856 574 1884 sicut
597 1854 798 1883 innascibilitas
819 1857 860 1882 est
881 1853 956 1881 notio
979 1852 1074 1886 Patris,
1096 1852 1170 1880 simi-

322 1904 385 1932 liter
406 1903 534 1937 videtur,
555 1902 631 1939 quod
652 1900 917 1938 improcessibilitas.

402 1951 428 1978 ξ).
450 1950 533 1983 Item,
554 1949 626 1978 sicut
657 1948 808 1977 nobilitatis
833 1950 875 1976 est
896 1946 984 1975 Patris
1006 1954 1061 1974 non
1089 1953 1168 1982 gene-

323 1997 392 2031 rari,
414 1997 452 2025 ita
473 1996 556 2025 etiam
577 2004 632 2024 non
654 1994 788 2032 spirari⁴:
811 2002 878 2031 ergo
900 1993 922 2022 si
952 1996 1067 2030 propter
1090 1992 1170 2020 ratio-

323 2051 387 2072 nem
407 2043 558 2071 nobilitatis
579 2042 693 2079 ponitur
715 2040 914 2070 innascibilitas
936 2040 997 2068 eius
1017 2039 1110 2074 notio,
1133 2039 1169 2067 si-

323 2090 425 2119 militer
447 2089 529 2118 debet
550 2089 615 2126 poni
637 2087 902 2125 improcessibilitas.

402 2137 426 2165 3.
448 2137 531 2170 Item,
554 2136 625 2164 sicut
647 2142 781 2172 generare
803 2133 931 2163 convenit
952 2133 1024 2161 Patri
1046 2141 1095 2170 per
1117 2133 1169 2161 hoc

322 2184 398 2221 quod
420 2182 599 2217 innascibilis,
622 2182 659 2210 ita
691 2184 718 2210 et
748 2181 856 2218 spirare
878 2188 928 2217 per
950 2180 1002 2208 hoc
1024 2179 1099 2217 quod
1122 2179 1171 2207 im-

322 2230 509 2268 processibilis
538 2229 596 2257 sive
627 2227 811 2264 inspirabilis:
844 2235 911 2263 ergo
933 2226 1004 2255 sicut
1026 2226 1171 2254 innascibi-

322 2278 386 2306 litas
406 2277 480 2305 notio
502 2279 559 2310 est,
580 2275 646 2312 quia
677 2283 731 2303 non
753 2276 861 2302 tantum
884 2273 951 2302 dicit
971 2273 1169 2309 privationem,

324 2324 372 2353 sed
394 2323 477 2352 etiam
499 2322 680 2359 positionem,
702 2321 740 2349 ita
761 2320 889 2354 videtur,
915 2319 990 2356 quod
1023 2319 1171 2355 improces-

324 2370 448 2399 sibilitas.
471 2369 504 2397 Sz·
525 2372 555 2396 izi
577 2368 678 2401 (lieris,
712 2366 786 2404 quod
819 2365 1076 2403 improcessibilitas
1098 2364 1171 2393 clau-

324 2418 400 2446 ditur
422 2417 475 2445 sub
491 2415 720 2448 innascibilitate;
742 2413 893 2442 obiiciiur:
917 2412 1002 2449 quia5
1024 2412 1089 2440 Filio
1110 2419 1172 2440 con-

323 2465 399 2493 venit
421 2462 692 2500 improcessibilitas,
721 2465 748 2490 et
776 2464 868 2489 tamen
890 2467 1035 2497 nunquam
1057 2458 1172 2488 innasci-

1224 1663 1329 1692 bilitas:
1363 1671 1429 1700 ergo
1457 1666 1499 1692 est
1529 1663 1583 1691 alia
1614 1662 1689 1691 notio
1721 1662 1819 1691 saltem
1841 1662 1869 1690 in
1890 1662 1972 1695 Filio,
2003 1670 2070 1699 ergo

1225 1710 1323 1738 saltem
1344 1710 1371 1737 in
1400 1717 1433 1738 eo
1463 1709 1546 1738 debet
1577 1717 1638 1738 esse
1660 1709 1742 1737 notio.
1766 1709 1799 1737 Si
1820 1712 1851 1737 tu
1872 1708 1972 1742 dicas,
1995 1708 2070 1746 quod

1224 1765 1277 1785 non
1307 1757 1374 1785 dicit
1404 1756 1593 1790 nobilitatem,
1626 1759 1746 1784 contin:
1768 1763 1850 1784 omne
1872 1755 1947 1792 quod
1968 1755 2071 1786 dicitur

1224 1804 1252 1832 in
1274 1804 1391 1838 divinis,
1412 1804 1448 1832 ad
1471 1803 1641 1832 nobilitatem
1664 1803 1797 1839 pertinet,
1819 1802 1941 1839 alioquin
1963 1810 2019 1831 non
2033 1802 2072 1831 di-

1225 1851 1298 1879 eitur
1320 1851 1372 1879 ibi:
1395 1858 1461 1887 ergo
1483 1850 1505 1879 si
1533 1850 1636 1879 dicitur
1658 1849 1915 1886 improcessibilitas
1936 1849 1970 1878 de
1992 1849 2071 1884 Filio,

1226 1898 1337 1926 videtur
1360 1905 1458 1926 sonare
1480 1897 1508 1925 in
1530 1896 1712 1925 nobilitatem.

1306 1944 1386 1972 [uxta
1407 1944 1459 1972 hoc
1487 1943 1647 1980 quaeritur:
1680 1951 1745 1971 oum
1778 1942 1856 1971 Pater
1886 1942 2073 1971 communicet
2089 1941 2207 1984 Qissffissssf'

1225 1991 1308 2020 alicui
1321 1992 1330 2005 ⁵
1353 1990 1652 2028 improcessibilitatem
1667 1990 1725 2019 sive
1740 1989 1992 2027 inspirabilitatem‚
2008 1997 2073 2027 qua-

1227 2047 1256 2068 re
1278 2047 1332 2067 non
1355 2038 1482 2067 similiter
1504 2037 1691 2067 communicat
1705 2037 1967 2066 innascibilitatem?

1305 2085 1432 2114 CONTRA:
1458 2086 1481 2113 1.
1504 2084 1530 2112 Si
1553 2084 1809 2121 improcessibilitas
1834 2086 1875 2112 est
1896 2083 1982 2112 notio:
2004 2089 2209 2120 ergoFundamenta-

1228 2132 1352 2161 notiones
1373 2131 1471 2169 plures
1492 2134 1557 2159 sunt
1578 2139 1664 2168 quam
1686 2131 1828 2168 quinque,
1853 2130 1929 2167 quod
1950 2133 1993 2159 est
2012 2138 2074 2159 con-

1226 2182 1269 2207 tra
1291 2178 1467 2207 communem
1489 2178 1647 2215 opinionem
1657 2178 1675 2205 ⁷.

1305 2227 1331 2253 2.
1354 2226 1436 2258 item,
1459 2225 1480 2253 si
1502 2224 1758 2262 improcessibilitas
1779 2226 1821 2252 est
1839 2224 1929 2258 notio,
1951 2226 1999 2252 aut
2020 2223 2073 2252 hoc

1227 2275 1268 2300 est
1289 2272 1354 2308 quia
1376 2271 1539 2308 simpliciter
1561 2271 1653 2308 privat
1674 2279 1733 2299 esse
1754 2270 1791 2298 ab
1806 2270 1922 2308 aliquo,
1944 2273 1993 2299 aut
2006 2270 2073 2307 quia

1226 2318 1318 2354 privat
1331 2318 1340 2331 ⁸
1362 2317 1563 2354 spirationem.
1585 2317 1611 2345 Si
1633 2318 1725 2354 primo
1747 2317 1838 2352 modo,
1860 2326 1914 2345 non
1930 2317 2023 2346 differt
2037 2317 2072 2345 ab

1227 2364 1455 2398 innascibilitate,
1481 2364 1503 2392 si
1535 2364 1658 2392 secundo
1687 2364 1786 2397 inodo,
1819 2367 1884 2393 tunc
1905 2372 1960 2392 non
1982 2364 2075 2392 differt

1227 2420 1243 2439 a
1264 2411 1415 2448 spiratione
1436 2411 1534 2445 activa,
1556 2411 1622 2448 quia
1642 2411 1716 2439 enim
1745 2419 1799 2439 non
1821 2411 1960 2448 spiratur,
1983 2411 2071 2447 spirat

1229 2458 1277 2495 qui
1299 2458 1395 2495 spirat.

389 2668 395 2682 1
415 2668 507 2695 Quaest.
526 2667 589 2688 1.-
600 2664 669 2688 Paulo
687 2668 738 2688 ante
754 2672 796 2694 pro
814 2666 878 2689 Num
892 2664 1028 2695 proprietas
1050 2663 1173 2687 innascibi-

326 2706 398 2730 litatis
416 2707 452 2729 ed.
472 2707 479 2728 l
502 2706 565 2729 Num
582 2704 760 2728 innascibilitas.

391 2745 400 2759 ²
417 2744 490 2767 Codd.
508 2745 539 2766 lS
550 2744 578 2765 W
589 2743 649 2766 Ybb
667 2744 695 2770 (T
713 2750 725 2765 a
742 2743 842 2765 secunda
861 2743 940 2771 manu)
953 2742 1029 2771 dicet;
1046 2742 1082 2765 cd.
1102 2742 1109 2764 l
1131 2744 1173 2765 aut

325 2784 370 2807 si...
384 2783 477 2807 diceret.
491 2784 594 2805 Proxime
606 2786 658 2811 post
670 2788 712 2810 pro
724 2782 769 2805 erit
779 2783 848 2810 aliqui
861 2782 928 2804 codd.
941 2788 994 2804 cuni
1006 2782 1042 2803 ed.
1060 2782 1064 2803 l
1081 2782 1121 2804 est.

391 2822 401 2837 3
418 2823 441 2844 In
458 2822 564 2850 pluribus
582 2822 649 2844 codd.
668 2824 693 2843 ut
709 2821 796 2843 AlTZ
807 2827 833 2843 co
850 2821 914 2843 deest
929 2820 977 2843 sed.

390 2860 399 2875 4
416 2862 621 2889 Supervacaneum
639 2864 660 2883 ct
677 2861 755 2882 inutile
780 2863 814 2882 cst
831 2860 1020 2887 additamentum,
1038 2859 1101 2888 quod
1123 2859 1173 2880 Vat.

326 2901 363 2923 hic
381 2899 479 2928 exhibet,
502 2900 564 2921 nullo
582 2899 633 2922 cod.
652 2900 709 2925 [exc.
727 2902 760 2927 cc)
779 2899 933 2927 suffragante:
960 2904 1015 2927 erqo
1038 2898 1059 2921 si
1077 2899 1175 2928 propter

327 2939 446 2962 rationem
462 2938 590 2961 nobilitatis
608 2939 642 2961 est
658 2937 738 2960 Patris
754 2943 802 2960 uon
819 2936 938 2967 uenerari,
958 2937 991 2959 ita
1009 2938 1043 2960 esi
1066 2942 1114 2959 *non
1131 2936 1174 2966 spi-

327 2978 386 3001 rari.
405 2979 474 3000 Paulo
491 2981 542 3000 auto
559 2977 641 3000 eadem
659 2978 709 3000 Vat.
726 2976 836 2999 nobilitas
854 2983 896 3004 pro
912 2975 1048 2999 nobilitatis.

1292 2664 1301 2678 ⁵
1318 2663 1391 2686 Codd.
1416 2663 1526 2685 SVWZ
1549 2662 1618 2692 quod.
1644 2663 1713 2685 Paulo
1739 2662 1833 2684 inferius
1858 2668 1900 2690 pro
1925 2660 1988 2685 debet
2005 2661 2074 2690 aliqui

1230 2703 1297 2725 codd.
1316 2704 1340 2725 ut
1356 2703 1391 2724 IT
1401 2702 1417 2724 Z
1435 2701 1532 2725 deberet.

1292 2741 1301 2756 θ
1318 2740 1374 2764 Cod.
1392 2741 1411 2762 Y
1428 2740 1504 2764 alleri.

1292 2780 1302 2794 ⁷
1319 2779 1363 2802 Cir.
1381 2786 1451 2807 supra
1469 2780 1491 2802 d.
1510 2780 1546 2802 26.
1565 2786 1586 2808 q.
1607 2779 1627 2802 4.

1293 2818 1301 2829 ⁸
1319 2819 1355 2841 Sic
1372 2822 1393 2841 et
1410 2819 1476 2847 Vat.;
1495 2819 1515 2840 in
1534 2818 1601 2841 codd.
1619 2822 1641 2841 ct
1657 2818 1711 2840 cdd.
1722 2824 1764 2846 pro
1774 2817 1854 2847 privat
1866 2818 1992 2845 incongrue
2004 2819 2075 2839 exstat

1229 2857 1305 2887 pouit,
1326 2857 1388 2886 quod
1406 2857 1505 2879 verbum
1523 2858 1636 2879 contextui
1654 2863 1698 2879 non
1716 2857 1848 2885 respondet.
1865 2856 1934 2878 Paulo
1951 2856 2045 2878 inferius
2062 2861 2074 2877 a

1231 2897 1281 2919 Vat.
1300 2898 1372 2918 textus
1389 2897 1514 2924 genuinus,
1533 2902 1602 2925 quom
1620 2896 1705 2918 habent
1721 2896 1788 2918 codd.
1807 2898 1829 2918 et
1845 2901 1884 2918 scx
1908 2896 1996 2923 primae
2013 2894 2074 2922 edd,

1231 2936 1263 2957 sic
1280 2937 1314 2956 ost
1331 2937 1443 2957 mutatus:
1461 2934 1517 2964 quia
1533 2940 1580 2957 *nou
1598 2934 1706 2963 spiratur
1723 2933 1765 2964 qui
1780 2933 1862 2963 spirat.
