2215 3404
23 802 40 820 1ι-.
54 807 76 820 ex
89 801 137 819 libro

11 825 34 844 de
47 825 118 843 Causis.

654 203 736 231 DlST.
759 202 858 231 XXVII.
882 202 908 230 P.
928 201 946 229 1.
968 200 1043 229 ART.
1062 200 1178 229 UNlCUS
1200 201 1334 237 QUAEST.
1356 201 1384 229 ll.

148 284 260 318 nitate¹,
282 283 330 311 ubi
352 283 437 317 dicit,
459 282 534 319 quod
557 282 635 310 Pater
656 284 697 310 est
718 283 822 309 tretecor
844 279 911 307 Filii.
926 279 993 306 Con-

148 333 201 359 stat
221 333 327 364 autem,
349 330 424 367 quod
445 337 496 366 per
517 332 666 357 auctorem
688 327 815 363 intelligit
835 334 890 354 non
912 326 993 354 sacto-

148 385 220 411 rem,
243 377 291 406 sed
323 377 485 413 genitorem.
518 376 553 404 Eo
582 383 648 412 ergo
676 374 804 403 convenit
831 373 902 401 Patri
932 380 992 400 esse

148 424 315 460 genitorem,
338 431 393 460 quo
414 423 542 451 convenit
560 422 585 450 ei
601 429 661 450 esse
675 423 833 452 auctorem;
849 421 991 447 auctorem

148 473 240 499 autem
263 478 324 499 esse
345 469 472 498 convenit
493 469 517 497 ei
539 476 589 505 per
610 468 638 496 id
660 467 734 504 quod
757 467 823 495 dicit
847 465 994 494 auctorita-

148 520 203 546 tem
225 525 285 546 esse
306 517 333 545 in
355 517 447 549 Patre3
470 516 518 544 sed
540 523 650 544 summa
671 514 822 543 auctoritas
843 516 884 542 est
906 513 933 541 in
949 513 994 541 Pa-

148 567 191 592 tre
212 564 318 592 ratione
340 562 592 591 innascibilitatis:
614 570 681 598 ergo
702 560 830 589 convenit
851 560 992 596 hypostasi

149 610 236 639 Patris
258 610 363 639 ratione
385 609 604 638 innascibilitatis
616 616 766 646 generare.
790 608 820 635 Et
834 607 887 635 hoc
901 607 994 635 viden-

148 660 195 685 tur
216 657 309 685 dicere
330 656 416 685 verba
430 656 537 690 Hilarii,
552 655 718 684 duodecimo
740 654 775 682 de
797 653 944 688 Trinitate‚
971 653 993 682 si

149 704 211 742 quis
232 704 371 738 attendat,
393 705 420 731 et
441 702 568 731 similiter
586 702 613 730 in
629 704 728 738 quarto
738 700 757 728 ².

227 751 316 779 Movet
331 750 414 778 etiam
429 749 547 777 verbum
563 748 722 784 Philosophi
733 747 751 782 ³,
767 747 812 784 qui
830 747 904 781 dicit,
919 746 994 784 quod

150 797 285 837 principia
306 799 410 834 quanto
432 798 496 825 sunt
518 796 627 833 priora,
649 797 724 823 tanto
745 794 901 831 potentiora
915 811 954 813 —
968 796 995 822 et

150 845 225 884 quod
247 852 331 874 causa
351 844 442 881 prima
462 843 527 880 plus
548 842 639 871 influit
652 859 691 862 —
705 844 732 870 et
746 849 818 878 quae
833 840 995 878 simpliciter

150 893 253 930 prima,
275 898 384 920 summe
405 890 489 919 habet
510 889 628 918 influere
652 896 702 925 per
727 896 837 916 omnem
870 887 994 916 modum.

151 939 177 967 Si
200 946 266 975 ergo
287 938 415 966 videmus
436 937 463 965 in
483 936 580 965 ordine
602 943 765 970 causarum,
781 935 853 963 inter
868 942 938 971 quas
954 937 995 963 est

150 985 219 1014 ordo
240 984 415 1018 essentialis,
438 983 513 1021 quod
530 982 658 1020 primitas
679 982 752 1016 facit,
775 990 836 1010 esse
854 989 993 1010 summam

150 1032 323 1061 influentiam
346 1031 373 1059 in
395 1038 491 1064 causa,
514 1032 540 1058 et
562 1029 695 1058 maiorem
711 1028 883 1057 influentiam
900 1036 995 1057 seeun-

150 1079 218 1107 dum
240 1078 403 1107 essentiam:
426 1077 486 1114 pari
508 1076 628 1110 ratione,
650 1076 698 1104 ubi
720 1079 762 1104 est
777 1075 845 1104 ordo
856 1083 995 1112 persona-

150 1134 237 1159 rum,
252 1125 379 1162 primitas
394 1125 422 1153 in
436 1124 527 1161 prima
542 1131 660 1161 persona
676 1126 717 1152 est
733 1123 802 1151 ratio
821 1122 994 1159 producendi

151 1172 232 1207 alias3
254 1175 281 1201 et
302 1172 367 1209 quia
382 1170 568 1200 innascibilis⁴
584 1170 650 1199 dicit
666 1170 851 1206 primitatem,
867 1170 930 1198 hinc
945 1171 995 1203 est,

152 1219 227 1257 quod
249 1219 315 1248 dicit
334 1217 474 1255 fontctlenz
492 1217 703 1255 plenitudinem
735 1219 863 1253 respectu
894 1216 996 1253 produ-

152 1266 249 1295 ctionis
270 1265 432 1303 personalis.
456 1265 486 1293 Et
507 1265 592 1293 huius
614 1265 724 1301 signum
753 1264 893 1297 videmus,
920 1262 995 1300 quod

151 1313 242 1350 prima
260 1313 287 1341 in
309 1312 458 1349 generibus
480 1315 544 1341 sunt
558 1312 695 1348 principia
710 1311 830 1339 aliorum
843 1310 868 1344 ⁵,
884 1313 910 1339 et
925 1318 996 1347 quae

152 1363 216 1389 sunt
238 1359 374 1396 simplicia
395 1363 426 1387 ut
448 1359 475 1387 in
497 1358 641 1395 pluribus,
672 1358 709 1386 ita
731 1358 803 1395 quod
838 1357 865 1385 in
894 1357 933 1385 eis
962 1356 997 1385 sit

152 1410 255 1441 status,
277 1406 380 1434 habent
401 1405 551 1442 potentiam
568 1404 719 1439 infinitam,
735 1405 806 1433 sicut
821 1407 942 1440 punctus
957 1411 998 1431 re-

152 1457 249 1492 spectu
271 1453 425 1487 linearum,
447 1457 473 1481 et
495 1452 587 1481 unitas
602 1454 731 1488 respectu
747 1458 943 1485 numerorum3
959 1450 998 1478 sic

152 1501 235 1530 etiam
256 1500 350 1529 divina
371 1499 508 1533 essentia,
529 1499 595 1536 quia
615 1498 723 1536 prima5
744 1501 873 1535 respectu
893 1499 999 1526 creatu-

151 1556 258 1577 rarum.
271 1547 347 1576 Unde
361 1546 500 1580 fortassis,
515 1546 581 1583 quia
595 1546 689 1574 divina
710 1545 829 1574 essentia
843 1548 884 1573 est
898 1544 998 1581 prima,

153 1594 215 1623 ideo
236 1597 277 1623 est
305 1592 581 1630 omnipotentissima.
610 1593 641 1620 Et
672 1592 737 1629 quia
763 1592 853 1620 omnis
881 1591 999 1620 essentia

153 1641 280 1678 sequitur
305 1640 454 1669 essentiam
482 1639 568 1668 trium
596 1647 799 1676 personarum.
827 1638 999 1676 impossihile

153 1691 210 1722 est,
232 1687 306 1724 quod
328 1695 380 1715 una
404 1694 523 1724 persona
544 1686 680 1723 producat
701 1686 807 1723 aliquid
823 1686 881 1714 sine
902 1686 998 1714 altera.

155 1734 287 1771 Quamvis
308 1737 401 1762 autem
423 1733 544 1770 potentia
565 1733 738 1769 producendi
760 1735 889 1769 respectu
908 1739 1000 1768 perso-

155 1788 255 1809 narum
279 1780 449 1809 infinitarum
472 1788 527 1808 non
558 1780 687 1808 debuerit
715 1787 791 1814 esse,
820 1779 891 1808 sicut
914 1786 1000 1815 supra

155 1830 341 1855 monstratum
363 1828 442 1860 est⁷;
464 1829 585 1855 attamen
607 1826 629 1855 si
650 1834 701 1863 per
727 1825 897 1863 impossibile
918 1832 1000 1862 pone—

154 1877 241 1909 retur,
263 1874 337 1911 quod
361 1874 435 1902 mille
456 1881 591 1911 personae
619 1873 858 1910 producerentur,
887 1879 999 1900 necesse

1834 204 1887 232 471

1049 280 1136 312 esset,
1158 278 1233 315 qnod
1255 286 1351 307 omnes
1373 279 1531 308 immediate
1546 280 1729 316 procederent
1744 289 1759 308 a
1774 288 1891 317 persona

1050 325 1144 353 Patris.
1168 325 1238 361 Quia
1260 325 1331 354 sieut
1351 333 1435 354 causa
1456 326 1546 362 prima
1578 327 1733 355 necessario
1763 328 1788 355 in
1817 328 1891 356 omni

1050 372 1231 408 productione
1262 372 1387 408 sequenti
1420 372 1578 401 immediate
1604 377 1745 410 operatur,
1778 374 1816 402 sio
1841 382 1892 403 suo

1050 418 1132 448 modo
1154 419 1180 446 in
1203 419 1337 455 personis.

1129 465 1167 493 Ad
1189 465 1240 493 hoc
1263 465 1345 494 etiam
1359 465 1368 479 ⁵
1390 469 1483 494 movet
1502 466 1589 494 ratio.
1612 466 1686 495 Sicut
1707 467 1780 495 enim
1809 468 1893 503 possi·
1917 474 2031 499 Argumenta

1050 511 1105 540 bile
1130 514 1171 539 est
1189 511 1304 548 intelligi
1325 512 1495 549 hypostasim
1520 512 1606 541 Patris
1621 516 1647 541 et
1662 513 1732 547 Fini,
1748 522 1802 542 non
1816 499 2018 542 ῑῃιεῑ-’ΝΜ

1051 558 1121 587 lecta
1143 559 1283 595 hypostasi
1306 558 1424 595 Spiritus
1446 559 1548 593 sancti,
1577 559 1616 588 sic.
1647 560 1728 588 etiam
1761 560 1892 597 possibile
1904 566 1994 584 Primum

1050 608 1092 634 est
1113 605 1228 642 intelligi
1258 605 1429 642 hypostasim
1457 605 1561 640 Patris,
1583 606 1660 634 nulla
1690 606 1744 634 alia
1775 614 1894 643 persona

1052 652 1198 680 intellecta.
1211 652 1242 680 Et
1261 654 1328 680 tune
1350 652 1464 689 quidem
1486 652 1696 689 intelligeretur,
1717 661 1770 681 non
1792 653 1895 681 intelle-

1051 702 1095 727 cta
1114 699 1288 736 paternitate.
1317 699 1347 727 Et
1377 702 1485 728 certum
1507 703 1567 734 est,
1596 700 1670 736 quod
1692 699 1823 736 possibile
1853 703 1894 728 est

1052 746 1103 774 hoc
1126 745 1249 782 intelligi.
1272 746 1423 774 Possumus
1445 746 1537 781 enim,
1559 754 1613 774 non
1635 746 1773 774 intellecta
1803 753 1895 783 perso-

1052 800 1152 821 narum
1181 792 1359 829 pluralitate,
1380 792 1535 829 intelligere
1567 792 1691 821 divinam
1711 795 1841 821 naturam
1869 796 1895 821 et

1052 839 1201 868 habentem
1223 839 1315 874 illam,
1337 842 1364 869 et
1386 840 1460 877 quod
1482 839 1559 868 illam
1580 848 1633 867 non
1655 840 1756 868 habeat
1777 839 1811 867 ab
1825 839 1895 874 alio;

1052 890 1079 915 et
1100 886 1137 915 ita
1159 886 1317 923 intelligunt
1349 886 1465 924 gentiles
1476 886 1494 914 ⁹.
1516 887 1558 915 Sic
1584 886 1668 923 igitur
1699 886 1895 922 intelligendo,

1052 933 1185 970 contingit
1207 933 1241 962 de
1267 934 1319 962 isto
1341 934 1433 962 dicere
1455 936 1481 962 et
1511 933 1680 970 intelligere,
1706 932 1780 970 quod
1811 933 1897 969 possit

1052 988 1194 1017 generare.
1217 980 1267 1009 Per
1288 980 1356 1017 quid
1377 988 1443 1017 ergo
1464 983 1575 1017 potest?
1596 980 1669 1008 Nihil
1683 979 1792 1008 invenio
1807 979 1835 1007 in
1850 979 1895 1007 illa

1053 1027 1194 1064 hypostasi
1227 1027 1279 1056 nisi
1312 1035 1461 1056 commune
1493 1026 1894 1064 praeterinnascibilitatem:

1052 1082 1131 1111 ergo,
1147 1075 1169 1103 si
1185 1074 1326 1111 generatio
1347 1082 1401 1102 non
1423 1076 1513 1111 potest
1528 1074 1552 1102 ei
1569 1073 1657 1102 inesse
1672 1081 1721 1110 per
1737 1073 1806 1101 illud
1821 1071 1895 1109 quod

1052 1125 1094 1150 est
1115 1129 1278 1155 commune,
1295 1121 1365 1149 inest
1387 1121 1410 1149 ei
1432 1129 1482 1157 per
1504 1120 1574 1149 illud
1589 1120 1664 1157 quod
1679 1123 1720 1149 θεῖ
1735 1119 1895 1157 proprium,

1052 1168 1105 1197 hoc
1125 1171 1219 1197 autem
1240 1172 1282 1196 est
1303 1167 1512 1196 innascibilitas:
1535 1175 1601 1203 ergo
1623 1169 1673 1195 etc.

1131 1216 1253 1249 Rursus,
1276 1214 1347 1243 sicut
1368 1214 1497 1243 videmus
1518 1214 1614 1251 plures
1635 1221 1768 1250 personas
1789 1213 1816 1241 in
1842 1220 1897 1241 una
1910 1217 2023 1235 Secundum

1053 1265 1153 1291 natura
1166 1284 1171 1296 ,
1196 1263 1234 1290 sio
1249 1262 1345 1299 plures
1360 1261 1544 1298 proprietates
1559 1261 1585 1289 in
1602 1269 1657 1289 una
1672 1268 1805 1297 persona:
1821 1267 1896 1296 ergo,

1054 1310 1125 1338 sicut
1146 1309 1181 1337 ad
1202 1309 1398 1345 perfectionem
1421 1307 1665 1345 completissimam
1695 1314 1806 1335 necesse
1837 1309 1897 1338 est.

1053 1364 1150 1385 omnes
1171 1364 1304 1393 personas
1318 1355 1414 1384 reduci
1430 1355 1464 1383 ad
1480 1362 1579 1388 unam,
1594 1361 1665 1390 quae
1681 1353 1715 1382 sit
1731 1353 1898 1390 principium

1054 1403 1186 1437 aliarum,
1209 1403 1246 1431 sic
1269 1410 1364 1431 omnes
1386 1401 1571 1439 proprietates
1585 1401 1670 1429 imius
1685 1408 1818 1437 personae
1830 1400 1848 1414 ¹⁰
1863 1399 1898 1428 ad

1055 1457 1155 1484 unam,
1176 1456 1248 1486 quae
1270 1449 1304 1477 sit
1326 1448 1395 1476 ratio
1416 1448 1544 1476 aliarum.
1567 1447 1620 1475 Sed
1643 1447 1669 1475 in
1692 1447 1770 1475 Patre
1791 1449 1832 1474 est
1848 1454 1900 1482 pa-

1056 1497 1178 1525 ternitas
1199 1499 1226 1525 et
1247 1495 1463 1524 innascibilitas
1485 1497 1511 1523 et
1532 1494 1657 1531 spiratio
1668 1504 1678 1527 ;
1700 1493 1749 1522 sed
1775 1492 1900 1521 innasci-

1057 1543 1153 1572 bilitas
1174 1551 1228 1571 non
1245 1545 1285 1571 est
1300 1542 1463 1571 reducibilis
1484 1541 1519 1570 ad
1540 1541 1620 1569 alias:
1643 1548 1709 1577 ergo
1723 1547 1835 1568 necesse
1850 1542 1899 1574 est,

1056 1590 1130 1628 quod
1152 1590 1223 1618 aliae
1238 1589 1409 1617 reducantur
1424 1588 1459 1617 ad
1474 1586 1744 1620 iinzascibilitalenz‚
1760 1594 1830 1623 quae
1845 1588 1898 1620 est,

1056 1639 1127 1667 sicut
1148 1637 1301 1671 dixerunt,
1323 1635 1432 1664 fontalis
1447 1629 1606 1672 plenitudo.

1134 1684 1267 1721 Amplius,
1288 1682 1462 1720 paternitatis
1483 1684 1510 1710 et
1531 1681 1715 1718 generationis
1736 1680 1899 1720 proprietas,
1915 1685 2004 1703 Tertium-

1056 1734 1192 1770 quantum
1213 1734 1255 1759 est
1276 1731 1310 1759 de
1331 1729 1453 1767 generali
1475 1737 1526 1757 sua
1548 1727 1754 1765 significatione,
1776 1735 1901 1755 connitu-

1056 1778 1191 1807 nz'eabitis
1212 1781 1268 1812 θεῖ,
1291 1777 1365 1814 quod
1376 1776 1397 1791 ¹¹
1414 1778 1489 1813 patet
1503 1775 1530 1804 in
1546 1775 1696 1809 creaturis,
1712 1774 1777 1811 quia
1792 1773 1900 1810 genitus

1057 1828 1183 1863 generat,
1205 1828 1231 1853 et
1252 1824 1327 1852 filius
1349 1823 1433 1852 unius
1455 1823 1486 1851 fit
1507 1826 1585 1859 pater
1606 1821 1729 1850 alterius.
1751 1820 1780 1848 In
1800 1820 1900 1848 divinis

1056 1875 1151 1901 autem
1172 1871 1325 1909 paternitas
1346 1874 1387 1899 est
1409 1868 1712 1898 ineonnnunicabilis:
1745 1875 1811 1904 ergo
1835 1875 1899 1895 cum

220 2118 227 2133 ¹
245 2119 311 2141 Num.
329 2119 370 2140 21:
388 2118 444 2140 Nam
462 2119 510 2146 ipsa
528 2124 661 2140 sermonum
678 2119 832 2140 emundatione
853 2124 906 2140 cum
925 2120 1002 2139 natum

157 2159 303 2187 profitemur,
330 2164 373 2179 non
400 2162 474 2180 tamen
498 2163 542 2179 non
561 2160 639 2180 natum
656 2157 824 2185 praedicamus.
843 2157 920 2186 Neque
943 2158 1003 2179 enim

157 2198 181 2220 id
193 2199 268 2226 ipsum
287 2200 320 2219 θεῖ
338 2203 381 2218 non
400 2199 478 2219 natum
496 2199 564 2225 atque
581 2197 655 2224 nasci3
674 2197 726 2224 quia
748 2196 803 2218 illud
821 2195 849 2218 ab
867 2196 947 2223 altero,
961 2197 1004 2218 hoc

158 2243 213 2260 vero
231 2243 243 2258 a
261 2237 351 2258 nemine.
369 2238 408 2258 cst.
427 2236 452 2258 Et
469 2235 529 2257 aliud
542 2237 576 2257 est
592 2236 641 2257 sine
653 2237 745 2257 auctore
757 2241 807 2257 esse
824 2241 916 2263 semper
933 2238 1005 2257 aeter-

158 2281 225 2303 num⁷
246 2275 307 2297 aliud
329 2274 391 2303 quod
410 2274 479 2302 Patri,
503 2274 526 2296 id
549 2276 583 2296 est
603 2275 701 2301 auctori,
725 2276 759 2296 est
783 2277 937 2296 coaeternum.
961 2274 1003 2296 Ubi

158 2315 219 2337 enim
237 2314 300 2336 Pater
318 2316 396 2335 auctor
413 2315 456 2341 θεῖ,
475 2312 506 2335 ihi
523 2316 544 2335 et
561 2313 666 2335 nativitas
683 2315 727 2340 est;
751 2315 772 2335 at
794 2319 850 2334 vero
868 2312 907 2334 ubi
925 2315 1004 2334 auctor

158 2356 264 2375 aeternus
280 2355 325 2380 est,
344 2352 375 2374 ibi
387 2354 409 2374 et
426 2353 547 2374 nativitatis
564 2352 684 2374 aeternitas
696 2353 740 2379 est,
759 2352 811 2379 quia
830 2352 888 2373 sicut
900 2352 1004 2373 nativitas

159 2392 188 2414 ab
206 2393 298 2413 auctore
315 2394 358 2419 est⁷
377 2392 406 2413 ita
424 2393 445 2412 θῖ
462 2390 490 2413 ab
508 2393 600 2413 aeterno
617 2393 710 2413 auctore
728 2393 819 2412 aeterna
836 2391 941 2412 nativitas
963 2392 1003 2412 cst.

159 2430 220 2453 idem
239 2431 284 2452 scre
303 2430 356 2452 dicit
372 2429 426 2452 ibid.
446 2435 466 2451 n.
485 2429 522 2451 51.

222 2470 232 2484 ²
248 2469 313 2491 Num.
332 2470 358 2491 G:
377 2469 398 2490 ln
416 2475 461 2491 uno
472 2487 477 2496 ‚
494 2475 525 2491 em
542 2475 587 2498 quo
605 2470 761 2491 auctoritatem
779 2468 957 2490 innascibilitatis
974 2468 1004 2489 in-

160 2509 238 2536 telllgit
256 2508 393 2537 (Ecclesia);
412 2509 433 2529 in
452 2514 507 2535 unu,
522 2513 567 2537 per
583 2513 652 2537 quem
675 2510 810 2535 potestatem
829 2507 881 2529 nihil
901 2507 1003 2529 disseren-

160 2550 206 2570 tem
223 2547 252 2569 ab
270 2551 361 2570 auctore
379 2549 508 2569 xcneratur.
527 2546 570 2569 Cfr.
589 2550 611 2569 et
627 2547 665 2569 lx.
684 2553 704 2568 n.
724 2547 759 2568 31.

222 2586 231 2601 3
249 2586 291 2614 Qui
303 2592 348 2608 non
366 2588 400 2608 cst
410 2587 511 2614 Aristot.y
525 2586 565 2608 sed
577 2588 656 2608 auctor
668 2585 718 2607 libri
736 2585 764 2607 de
777 2585 856 2608 Causis
869 2585 920 2613 (cfr.
934 2591 1004 2612 supra

161 2625 183 2647 d.
201 2626 222 2647 8.
240 2632 262 2653 p.
281 2625 303 2646 ll.
321 2631 342 2653 q.
361 2625 381 2646 2.
400 2631 447 2652 arg.
467 2625 486 2646 3.
506 2625 535 2646 ad
556 2628 632 2652 opp),
651 2625 689 2653 qui
714 2628 759 2646 tros
780 2630 792 2646 a
810 2624 831 2646 S.
850 2624 946 2645 Doctore
969 2624 1005 2645 hic

161 2663 271 2685 adductas
288 2664 386 2685 rationes
404 2663 478 2690 ponit,
502 2664 523 2684 et
540 2662 634 2690 quidem
651 2662 776 2684 secundam
799 2662 877 2684 vorbis
897 2662 1006 2689 explicitis

162 2702 183 2723 in
201 2708 295 2729 propos.
326 2703 346 2723 t:
369 2710 378 2721 «
392 2701 470 2723 Omnis
487 2707 555 2723 causa
573 2702 682 2729 primaria
699 2701 751 2728 plus
768 2704 802 2723 cst
818 2701 915 2722 influens
935 2706 1005 2727 supra

161 2743 280 2763 causatum
301 2746 382 2768 suum,
407 2746 476 2768 quam
501 2746 568 2762 causa
592 2740 727 2762 universalis
749 2739 883 2762 secunda».
907 2739 1005 2761 Primam

162 2781 238 2801 autem
256 2780 365 2801 rationem
383 2779 481 2800 insinuat
498 2778 553 2800 ibid.
571 2779 615 2800 sic:
637 2787 647 2798 α
659 2779 705 2800 lam
726 2785 782 2806 ergo
805 2779 950 2800 manifestum
973 2780 1006 2799 est

160 2821 184 2840 et
201 2818 304 2846 planum,
323 2818 385 2846 quod
403 2824 471 2839 causa
483 2818 607 2846 longinqua
625 2820 659 2839 est
674 2818 760 2845 prima,
778 2820 800 2839 ct
813 2818 887 2845 prima
904 2819 939 2838 cst
955 2816 1006 2844 plus

163 2857 362 2885 comprehendens
379 2859 400 2878 et
423 2857 581 2878 vehementius
598 2862 666 2878 causa
687 2857 719 2878 rei
738 2862 807 2884 quani
825 2861 892 2877 causa
916 2856 1007 2883 propin-

163 2903 208 2925 qua
220 2904 229 2916 »
248 2896 296 2921 (ct'r.
309 2896 376 2917 etiam
389 2901 454 2923 prop.
474 2895 505 2916 lG.
521 2898 543 2917 et
559 2895 608 2922 17.).
623 2895 723 2917 Tertiam
738 2895 828 2917 tandem
844 2895 953 2916 rationcni
971 2900 1007 2915 au-

164 2938 212 2957 ctor
234 2935 270 2957 illo
291 2935 354 2956 affort
366 2935 387 2956 in
400 2940 493 2962 propos.
507 2935 535 2956 20
552 2941 557 2956 :
579 2933 671 2956 «Causa
690 2935 763 2961 prima
782 2934 840 2961 rcgit
862 2940 898 2955 rcs
922 2936 1008 2955 creatas

163 2980 254 3001 omnes,
273 2978 362 3001 practer
380 2973 442 3001 quod
459 2974 634 2995 commtsceatur
646 2979 699 2995 cum
717 2974 749 2995 eis
762 2981 782 3000 »‚
801 2978 871 3000 quam
889 2973 921 2994 sic
938 2972 1007 2999 cxpli-

1060 2121 1107 2140 cat:
1121 2126 1131 2137 «
1144 2117 1217 2140 Causa
1234 2117 1309 2144 prima
1326 2118 1360 2138 θεῖ
1377 2115 1431 2143 fixa,
1455 2116 1516 2137 stans
1534 2119 1587 2135 cum
1604 2114 1688 2135 unitate
1711 2118 1751 2134 sua
1773 2118 1831 2139 pura
1848 2117 1905 2133 scm-

1060 2163 1111 2185 per,
1130 2159 1152 2178 et
1162 2157 1212 2184 ipsa
1224 2156 1282 2183 regit
1299 2161 1336 2177 res
1348 2156 1434 2176 creatas
1450 2158 1530 2175 omnes
1542 2154 1564 2174 et
1576 2151 1648 2173 inssuit
1660 2156 1730 2178 super
1747 2156 1785 2172 cas
1796 2150 1904 2172 virtutem

1060 2197 1120 2219 vitae
1131 2198 1153 2218 et
1164 2196 1276 2218 bonitates
1288 2193 1415 2217 secundum
1433 2192 1529 2214 modum
1541 2191 1631 2213 virtutis
1647 2196 1726 2212 earum
1738 2189 1905 2217 receptibilium

1060 2238 1082 2258 et
1093 2235 1267 2263 possibilitatem
1284 2239 1370 2255 earum.
1389 2232 1462 2254 Prima
1480 2232 1540 2253 onim
1558 2230 1648 2252 bonitas
1665 2229 1736 2251 intluit
1747 2228 1859 2251 bonitates
1871 2235 1906 2250 su-

1061 2281 1102 2303 pra
1115 2280 1151 2296 res
1160 2279 1241 2296 omnes
1252 2273 1375 2294 influxione
1387 2277 1439 2299 una⁷
1449 2272 1608 2292 verumtamen
1621 2274 1772 2296 unaquaeque
1784 2273 1861 2289 rerum
1873 2273 1905 2289 re-

1060 2314 1115 2341 cipit
1123 2320 1149 2335 cx
1159 2313 1194 2334 illa
1207 2312 1330 2334 influxione
1339 2309 1467 2332 secundun]
1480 2308 1575 2330 moduni
1586 2313 1640 2329 suae
1649 2307 1739 2329 virtutis
1751 2308 1772 2328 ct
1781 2307 1816 2328 sui
1825 2312 1874 2328 esso
1884 2314 1905 2327 ιι.

1123 2352 1131 2366 4
1149 2351 1204 2374 Cod.
1223 2351 1241 2373 H
1258 2348 1435 2373 innascibililas.

1123 2391 1132 2406 ⁵
1149 2390 1193 2413 Csr.
1211 2390 1314 2417 Aristot.‚
1332 2389 1354 2410 ll.
1373 2388 1468 2415 Metaph.
1487 2389 1538 2409 text.
1552 2385 1572 2408 4.
1591 2385 1618 2413 (l.
1637 2385 1731 2407 brevior
1749 2391 1767 2406 c.
1787 2385 1859 2412 ·1.),θῖ
1876 2383 1904 2405 X.

1061 2432 1112 2453 text.
1131 2431 1151 2452 2.
1169 2436 1232 2458 seqq.
1252 2429 1302 2457 (lx.
1321 2434 1339 2450 c.
1362 2427 1397 2456 l.).
1409 2426 1484 2448 —De
1501 2425 1615 2453 potentIali
1627 2424 1736 2446 infinitate.
1754 2423 1842 2451 puncti7
1860 2428 1905 2450 qua

1061 2472 1135 2498 potest
1152 2470 1274 2491 terminare
1291 2467 1388 2489 infinitas
1406 2467 1487 2493 lineas,
1505 2464 1558 2487 ’vide
1576 2470 1644 2491 supra
1663 2463 1684 2485 d.
1703 2462 1739 2484 117.
1757 2469 1779 2490 p.
1798 2462 1820 2483 ll.
1839 2468 1860 2490 q.
1884 2462 1904 2484 ⁴2.

1061 2509 1090 2530 ad
1108 2509 1128 2530 2.
1140 2520 1172 2524 —
1183 2508 1233 2529 Vat.
1252 2506 1340 2535 absque
1357 2505 1489 2527 auctoritate
1506 2503 1573 2525 codd.
1592 2504 1613 2524 ct
1625 2501 1677 2524 odd.
1695 2502 1727 2523 siC
1744 2501 1905 2529 prosequitur:

1061 2548 1082 2570 et
1098 2553 1158 2577 quae
1175 2547 1231 2569 sunt
1245 2543 1481 2574 sintplt'cilerp1·ir›zst,
1503 2541 1533 2564 [ta
1551 2540 1614 2571 quod
1626 2540 1649 2563 in
1667 2539 1698 2563 eis
1709 2539 1739 2562 sa
1755 2540 1831 2562 status
1844 2540 1868 2561 ul
1880 2538 1902 2561 in

1058 2585 1176 2615 pluribus.

1124 2624 1134 2638 6
1150 2624 1236 2651 Supple
1254 2628 1307 2647 cuni
1324 2621 1391 2643 codd.
1409 2620 1425 2642 G
1436 2620 1455 2641 M
1473 2619 1504 2641 bb
1522 2619 1561 2641 est.

1123 2664 1133 2678 ⁷
1151 2664 1224 2690 Supra
1241 2662 1263 2684 d.
1282 2662 1302 2683 2.
1321 2667 1342 2689 q.
1361 2660 1382 2687 3,
1400 2661 1421 2681 ct
1438 2659 1460 2681 d.
1478 2658 1499 2680 7.
1517 2664 1538 2686 q.
1557 2658 1577 2679 2.

1124 2701 1134 2716 ⁸
1152 2702 1193 2723 Pro
1212 2700 1292 2727 etium,
1311 2699 1374 2728 quod
1391 2705 1417 2720 ex
1439 2697 1506 2720 codd.
1524 2697 1585 2724 11>Q
1602 2699 1623 2718 ct
1646 2695 1681 2717 cd.
1704 2696 1708 2716 1
1734 2695 1905 2721 revocavimus,

1064 2741 1112 2763 Vat.
1130 2740 1219 2766 autent,
1240 2737 1307 2760 codd.
1325 2737 1344 2758 Y
1362 2743 1387 2759 cc
1406 2735 1488 2759 Adhuc
1505 2735 1590 2757 aulem.

1126 2777 1128 2781 ’
1151 2776 1195 2799 Ct'r.
1214 2782 1283 2803 supra
1304 2775 1325 2797 d.
1344 2775 1380 2797 ⁴26.
1399 2781 1420 2803 q.
1438 2775 1458 2796 3.
1471 2786 1502 2790 —
1518 2773 1586 2795 Paulo
1604 2773 1697 2794 interius
1714 2773 1765 2799 post
1787 2770 1906 2800 hypostasi

1064 2816 1112 2838 Vat.
1132 2819 1221 2843 praeter
1239 2814 1308 2836 fidem
1327 2813 1393 2835 codd.
1410 2816 1431 2835 et
1443 2812 1479 2834 ed.
1502 2812 1507 2833 1
1528 2817 1576 2833 non
1593 2817 1635 2839 pro
1652 2809 1703 2832 nisi.

1126 2854 1146 2868 1⁰
1163 2853 1261 2881 Supple:
1280 2852 1358 2874 reduci
1376 2857 1468 2873 nccesse
1485 2854 1525 2872 est.
1538 2862 1569 2866 —
1581 2850 1631 2871 Sola
1645 2849 1701 2876 Vat.y
1714 2854 1837 2876 suppressa
1850 2854 1906 2870 voco

1063 2892 1147 2920 unius,
1168 2894 1219 2920 post
1234 2896 1349 2921 personae
1367 2891 1470 2912 interjicit
1482 2888 1573 2916 reduci,
1586 2891 1605 2910 ct
1624 2894 1665 2915 pro
1677 2887 1782 2910 atim-mn
1793 2886 1907 2909 substituit

1064 2931 1169 2954 illarum.

1127 2969 1145 2983 1¹
1165 2970 1212 2991 Vat.
1231 2974 1284 2991 cum
1301 2968 1351 2990 cod.
1370 2973 1395 2990 cc
1413 2968 1446 2989 itt.
