2215 3404
357 160 413 187 702
1039 157 1288 186 SENTENTIARUM
1311 158 1369 186 LIB.
1392 158 1409 185 I.

436 235 527 264 Primo
546 236 620 264 enlm
635 235 781 272 quaeritur
796 235 831 264 de
846 235 1097 272 praedestinatione
1112 243 1196 272 quan-

357 285 416 310 tum
438 282 473 311 ad
495 282 646 311 entitatem.

435 329 576 362 Secundo,
598 331 734 365 quantum
755 328 791 356 ad
812 328 1013 356 necessitatem.

437 374 474 403 De
495 375 607 403 entitate
628 378 720 403 autem
743 374 799 402 duo
820 377 1003 410 quaeruntur.

1332 234 1422 262 Primo
1443 234 1597 271 quaeritur,
1619 238 1713 264 utrum
1741 235 1955 272 praedestinatio
1976 235 2011 264 sit
2025 235 2092 272 quid

1253 284 1414 315 aeternum,
1435 289 1469 309 an
1491 281 1650 317 temporale.

1332 327 1459 355 Secundo
1477 350 1484 361 ,
1518 327 1585 364 quid
1621 327 1656 356 sit
1690 328 1905 365 praedestinatio
1938 328 2092 356 seeundum

1256 380 1324 402 rem.

1084 550 1317 584 ARTICULUS
1345 552 1366 584 I.

870 679 907 707 De
925 678 1191 716 p›·cteclesa³›iacione
1212 682 1356 716 quantum
1377 678 1418 706 ad
1437 678 1594 706 entitatem.

1127 844 1289 881 QUAESTIO
1310 845 1327 872 1.

760 965 864 993 Utrttm
883 965 1112 1002 praedestina-cio
1133 966 1172 993 sit
1192 965 1263 1003 quid
1283 969 1451 998 aeternnm,
1473 973 1513 993 an
1535 963 1699 1001 temporale.

436 1121 515 1157 Quod
537 1124 631 1148 autem
652 1119 867 1156 praedestinatio
888 1119 924 1147 sit
944 1118 1011 1155 quid
1038 1121 1199 1152 aeternum,

359 1167 483 1195 videtur:

443 1215 463 1241 l.
487 1213 556 1249 Quia
588 1213 662 1249 quod
694 1215 735 1241 est
756 1215 819 1254 ante
850 1212 948 1240 mundi
976 1211 1199 1240 constitutionem

218 1264 404 1289 1⁷·1naamenta.est
435 1260 502 1297 quid
524 1263 682 1288 aeternum:
710 1259 926 1295 praedestinatio
948 1262 988 1287 est
1021 1258 1200 1289 huiusmodi,

359 1307 423 1343 quia
446 1306 661 1343 praedestinatio
676 1308 717 1333 est
732 1305 837 1339 electio,
859 1305 893 1333 ad
918 1305 1049 1341 Ephesios
1070 1305 1160 1341 primo
1174 1305 1196 1331 ¹:

357 1353 448 1391 Etegyift
467 1362 520 1381 *nos
535 1357 601 1381 wite
617 1353 720 1380 inuncti
740 1352 988 1380 constitutionem:
1011 1360 1077 1389 ergo
1098 1356 1149 1380 etc.

434 1401 459 1428 z).
483 1400 562 1433 Item,
590 1399 829 1436 «praedestinatio
851 1401 892 1427 est
913 1399 1096 1435 praescientia
1122 1398 1201 1426 bene-

357 1446 542 1477 tieiormn²1›;
559 1446 607 1475 sed
622 1446 757 1482 quidquid
781 1446 855 1473 Deus
877 1445 1004 1481 praescit,
1024 1445 1200 1473 aeternaliter

356 1493 490 1531 praescit:
513 1501 579 1529 ergo
602 1500 664 1521 cum
687 1492 777 1520 omnis
799 1491 982 1528 praescientia
1008 1491 1040 1520 sit
1073 1495 1198 1524 aeterna,

355 1543 382 1569 et
402 1540 492 1568 omnis
513 1538 729 1576 praedestinatio
750 1541 791 1566 est
808 1538 1002 1574 praescientm,
1018 1538 1108 1566 omnis
1124 1545 1201 1574 prae-

356 1586 502 1615 destinatio
523 1589 564 1614 est
586 1589 707 1614 aeterna.

434 1632 459 1661 3.
484 1633 558 1666 Item,
586 1631 827 1669 «praedestinatio
852 1634 893 1659 ost
924 1630 1098 1667 propositum
1121 1630 1201 1658 mise-

355 1680 490 1713 rent112»;
512 1679 560 1708 sed
583 1678 757 1715 propositum
779 1681 820 1706 est
834 1677 901 1714 quid
927 1677 1104 1713 proponentis
1126 1684 1202 1713 prae-

356 1726 457 1755 cedens
480 1734 532 1755 res.
554 1733 625 1762 quae
646 1728 862 1762 proponuntur:
882 1731 948 1760 ergo
963 1731 1027 1751 eum
1049 1723 1084 1751 sit
1105 1731 1202 1759 propo-

356 1773 440 1802 situm
462 1773 519 1807 Dei,
541 1777 567 1800 et
589 1772 663 1800 Deus
684 1771 862 1800 aeternaliter
884 1771 1021 1807 pl‘opol'tit‚
1044 1773 1119 1807 patet
1149 1773 1200 1798 etc.

435 1821 462 1848 [ι.
487 1820 567 1848 Item,
589 1820 622 1848 de
646 1819 750 1847 ratione
773 1818 815 1846 sni
837 1818 956 1846 nominis
985 1816 1201 1853 praedestinatio

357 1868 424 1896 dicit
438 1867 659 1904 praecessionem
676 1867 734 1894 sive
749 1865 982 1894 antecessionem.
1005 1864 1052 1892 sed
1074 1872 1126 1892 non
1149 1863 1200 1892 nisi

357 1914 589 1951 praedestinantis
605 1913 637 1941 ad
656 1912 910 1949 praedestinatuin3
926 1911 975 1939 sed
990 1911 1202 1948 praedestinans

358 1965 399 1990 est
421 1965 565 1989 aeternus:
589 1969 655 1997 ergo
687 1960 752 1988 dicit
784 1959 910 1987 ordinem
937 1962 963 1986 et
984 1958 1201 1986 antecessionem

358 2008 462 2036 aeterni
484 2007 520 2035 ad
537 2006 697 2043 temporale.
713 2006 765 2034 Sed
781 2005 935 2034 antecessio
952 2004 999 2032 illa
1020 2007 1061 2033 est
1076 2008 1201 2032 aeterna:

358 2062 424 2090 ergo
444 2057 498 2082 etc.

437 2100 564 2128 CONTna:
592 2101 612 2127 l.
637 2098 852 2127 Praedestinatio
874 2098 1005 2134 importat
1034 2097 1200 2125 relationem

229 2156 260 2173 Ad
273 2155 346 2178 opposi-
359 2147 394 2175 ad
416 2147 668 2184 p1·aedestinatuin;
701 2146 747 2174 sed
782 2145 871 2173 omnis
893 2145 989 2173 relatio
1012 2145 1088 2181 ponit
1112 2152 1203 2180 respe-

256 2181 300 2196 lum.

360 2197 434 2222 etum
457 2201 555 2221 verum
569 2193 577 2205 ⁴
602 2192 644 2220 vel
667 2193 693 2220 in
717 2196 836 2228 utroque
858 2195 1068 2224 extremorum,
1091 2191 1134 2219 vel
1150 2190 1202 2219 sal-

359 2244 415 2268 tem
437 2240 462 2268 in
485 2240 588 2273 altero;
610 2240 657 2268 sed
681 2238 895 2276 praedestinatio
917 2246 970 2266 non
993 2241 1082 2274 potest
1104 2246 1202 2266 verum

360 2289 518 2323 respectum
540 2294 642 2322 ponere
664 2286 690 2313 in
713 2285 950 2322 praedestinante:
979 2292 1044 2320 ergo
1066 2284 1142 2320 ponit
1164 2292 1203 2312 re-

359 2336 485 2369 spectum
508 2340 605 2361 verum
630 2333 654 2360 iu
682 2332 894 2368 praedestinato.
928 2331 979 2359 Sed
1005 2338 1089 2359 verus
1113 2338 1203 2366 respe-

361 2383 421 2407 ctus
442 2387 496 2407 non
518 2379 651 2407 fundatur
674 2378 725 2406 nisi
757 2386 842 2414 supra
875 2377 943 2414 quid
964 2380 1103 2405 creatum:
1137 2384 1202 2412 ergo

361 2426 575 2462 praedestimitio
597 2426 660 2454 dicit
684 2425 748 2462 quid
773 2427 898 2453 creatum
920 2428 946 2452 et
970 2423 1129 2460 temporale.

1337 1121 1363 1147 2.
1384 1119 1466 1154 Item,
1488 1119 1703 1156 praedestinatio
1736 1119 1866 1156 importat
1887 1120 2048 1154 actionem,
2071 1124 2098 1149 et

1257 1166 1332 1193 omni
1354 1166 1453 1194 actioni
1476 1166 1626 1203 respondet
1650 1166 1773 1203 passio⁵:
1806 1174 1870 1194 eum
1892 1174 1958 1203 ergo
1978 1167 2049 1196 aetio
2071 1171 2098 1196 et

1257 1212 1348 1248 passio
1370 1220 1422 1240 non
1445 1212 1500 1240 sint
1520 1212 1548 1240 in
1570 1212 1680 1246 eodem,
1703 1213 1768 1249 quia
1790 1221 1843 1240 non
1859 1216 1900 1241 est
1921 1213 1996 1241 idem
2013 1222 2099 1250 prae-

1257 1258 1406 1286 destinans
1427 1261 1454 1286 et
1472 1258 1728 1295 praedestinatus,
1751 1266 1862 1288 necesse
1888 1262 1945 1293 est,
1966 1260 2040 1296 quod
2063 1260 2098 1288 sit

1257 1305 1283 1332 in
1306 1305 1368 1333 alio.
1391 1306 1444 1334 Sed
1466 1305 1543 1334 aliud
1568 1314 1623 1333 non
1655 1309 1696 1334 est
1727 1306 1779 1334 nisi
1807 1306 1874 1342 quid
1899 1307 2050 1344 temporale
2071 1310 2098 1336 et

1256 1354 1395 1380 creatum:
1418 1360 1484 1388 ergo
1506 1352 1722 1388 praedestinatio
1745 1352 1876 1389 importat
1906 1352 1974 1389 quid
1996 1355 2099 1390 tempo-

1257 1398 1314 1426 rale
1336 1401 1363 1426 et
1385 1401 1524 1427 creatum:
1548 1406 1614 1435 ergo
1635 1407 1689 1426 non
1712 1402 1753 1427 est
1774 1401 1894 1427 aeterna.

1336 1445 1361 1473 3.
1383 1445 1462 1479 Item,
1484 1445 1698 1482 praedestinatio
1718 1445 1849 1482 importat
1870 1445 2001 1473 ordinem
2022 1454 2099 1482 prae-

1256 1491 1420 1520 destinantis
1441 1492 1476 1520 ad
1499 1492 1753 1528 praedestinatum,
1775 1495 1824 1520 aut
1852 1500 1918 1529 ergo
1943 1492 2098 1521 seeundum

1255 1546 1330 1571 esse,
1352 1539 1427 1575 «iuod
1450 1539 1533 1567 habet
1555 1539 1581 1567 in
1607 1539 1677 1572 Deo,
1694 1542 1742 1567 aut
1757 1539 1912 1567 secundum
1934 1547 2008 1573 esse,
2024 1539 2098 1576 quod

1257 1584 1340 1613 habet
1362 1585 1389 1612 in
1409 1585 1530 1621 proprio
1551 1594 1661 1622 penore.
1684 1585 1741 1613 Non
1763 1585 1916 1613 seeundum
1939 1593 2008 1620 esse,
2024 1585 2098 1622 qnod

1258 1631 1340 1659 habet
1363 1631 1389 1659 in
1416 1632 1489 1665 Deo,
1519 1631 1581 1668 quia
1609 1632 1648 1660 sio
1674 1635 1715 1660 est
1742 1632 1817 1660 Deus
1848 1635 1875 1660 et
1897 1640 1949 1660 non
1972 1631 2099 1668 sequitur

1258 1677 1359 1705 Deum:
1382 1685 1447 1714 erigo
1463 1678 1617 1706 seeundum
1633 1685 1708 1710 esse,
1731 1678 1806 1714 quod
1829 1677 1911 1706 habet
1933 1677 1958 1705 in
1974 1677 2099 1714 proprio

1255 1733 1367 1761 genere.
1389 1724 1441 1752 Sed
1464 1732 1539 1758 esse,
1561 1724 1635 1761 quod
1658 1724 1741 1752 habet
1757 1724 1783 1752 in
1800 1723 1911 1761 proprio
1931 1731 2041 1760 genere,
2057 1726 2098 1752 est

1258 1771 1325 1808 quid
1348 1771 1499 1808 temporale
1521 1775 1547 1800 et
1568 1774 1708 1800 creatum:
1731 1779 1797 1808 ergo
1828 1771 2045 1807 praedestinatio
2067 1771 2100 1799 si-

1258 1818 1374 1846 militer:
1398 1821 1425 1846 et
1447 1819 1485 1847 sic
1507 1822 1557 1847 etc.

1337 1864 1579 1895 4.=1tem,011·1n·1s
1600 1867 1678 1893 actus
1707 1864 1834 1898 divinus,
1863 1864 1910 1901 qui
1942 1872 1994 1892 non
2024 1863 2101 1892 refle-

1258 1910 1341 1939 ctitur
1363 1919 1449 1948 supra
1470 1911 1617 1939 essentiam
1634 1911 1677 1939 vel
1692 1918 1855 1947 personam,
1872 1910 1981 1939 transit
2001 1913 2099 1943 extra,

1259 1961 1285 1986 et
1306 1958 1396 1986 omnis
1417 1962 1496 1986 aetus
1526 1958 1664 1986 transiens
1692 1961 1774 1986 extra
1794 1966 1830 1986 ex
1852 1960 1977 1994 tempore
1999 1957 2102 1986 dieitur

1258 2004 1292 2033 de
1323 2005 1391 2033 Deo:
1422 2013 1484 2033 cum
1519 2012 1585 2041 ergo
1618 2005 1833 2041 praedestinatio
1854 2012 1907 2033 non
1930 2006 2053 2032 transeat
2074 2003 2101 2031 in

1259 2058 1406 2087 personam
1431 2051 1473 2079 vel
1505 2051 1668 2082 essentiam,
1691 2051 1739 2079 sed
1761 2054 1863 2084 extra,
1885 2058 1951 2087 ergo
1972 2053 2014 2079 est
2036 2053 2100 2078 tem-

1260 2098 1370 2134 poralis.

1339 2146 1363 2173 .3.
1380 2144 1455 2179 Item,
1471 2144 1687 2180 praedestinatio
1702 2148 1743 2173 est
1755 2144 1952 2181 praeparatio
1962 2143 1990 2177 ¹³‚·
2005 2144 2052 2172 sed
2065 2144 2102 2172 ni-

1260 2191 1298 2219 hil
1327 2191 1429 2219 dieitur
1461 2191 1642 2228 praeparari,
1674 2195 1822 2227 antequam
1853 2191 1964 2227 incipiat
1995 2190 2098 2227 aliquid

1260 2238 1319 2267 fieri
1343 2238 1496 2267 secundum
1519 2238 1655 2274 principia
1676 2238 1826 2266 intrinseca
1846 2255 1884 2258 ——
1905 2237 2005 2266 artifex
2027 2237 2099 2265 enim

1260 2293 1313 2313 non
1337 2285 1439 2313 dieitur
1461 2292 1629 2321 praeparare
1651 2284 1765 2312 domum
1781 2287 1844 2312 ante
1861 2284 1934 2320 ligna
1948 2287 1974 2312 et
1996 2283 2102 2320 lapides

1260 2331 1317 2359 sola
1339 2331 1503 2367 cogitatione
1525 2348 1562 2351 —
1584 2339 1650 2367 ergo
1670 2338 1782 2359 necesse
1803 2334 1859 2364 est,
1881 2330 1955 2367 quod
1982 2333 2101 2367 ponatur

1260 2386 1285 2405 m
1308 2385 1346 2405 re.

424 2645 430 2659 ¹
451 2646 515 2667 Yers.
534 2644 558 2671 4,
577 2643 616 2665 ubi
634 2644 655 2665 in
674 2644 741 2671 Vulg.
760 2646 865 2672 postnos
883 2645 974 2667 additur
991 2644 1014 2667 [iz
1026 2644 1082 2673 ipso.
1094 2656 1126 2660 —-
1137 2644 1202 2666 Plura

361 2685 389 2707 de
402 2686 456 2709 hoc,
470 2683 532 2712 quod
545 2683 721 2711 praedestinatio
733 2684 761 2705 sit
772 2684 863 2711 electio,
877 2684 979 2706 invenies
991 2685 1047 2706 infra
1060 2690 1079 2706 a.
1093 2684 1113 2705 3.
1127 2690 1148 2712 q.
1162 2685 1182 2705 2.

423 2723 431 2736 ²
448 2722 509 2744 Haec
526 2721 626 2743 delinitio
644 2724 677 2743 est
694 2722 828 2749 Augustini,
846 2722 875 2744 do
892 2722 956 2744 Dono
975 2729 1065 2750 persev.
1089 2729 1107 2745 ε’.
1131 2722 1162 2744 14.
1182 2728 1202 2744 n.

361 2762 397 2784 35.
416 2762 458 2784 Cfr.
478 2768 499 2790 q.
517 2768 564 2789 seq.
583 2762 604 2782 in
622 2767 685 2788 (torp.
703 2773 734 2776 —
751 2760 805 2783 Cod.
825 2761 839 2782 Β
857 2763 908 2783 voc-i
935 2761 1101 2791 beneficiorum
1126 2762 1203 2783 adiun-

362 2802 394 2828 git
410 2800 459 2823 Dei.

423 2838 432 2853 3
449 2839 552 2861 Definitio
570 2840 626 2861 haec
643 2841 677 2860 cst
693 2839 760 2860 etiam
778 2840 909 2867 Augustini,
928 2839 956 2861 de
975 2839 1088 2861 Praedest.
1101 2839 1202 2861 Sanctor.

362 2883 380 2899 c.
403 2878 434 2899 17.
454 2884 473 2900 n.
493 2878 534 2905 34,
553 2881 574 2900 ct
591 2878 699 2900 fundatur
716 2878 737 2899 in
756 2877 833 2899 verbis
850 2878 951 2905 Apostoli
977 2878 1006 2900 ad
1032 2878 1147 2900 Romanos
1174 2878 1202 2905 9,

366 2916 445 2943 155-18,
463 2916 502 2938 nbi
520 2916 677 2938 cont-luditur:
700 2924 709 2935 n
722 2916 781 2944 Ergo
799 2917 865 2939 cuius
882 2917 931 2938 vult
953 2918 1074 2939 miseretur
1086 2925 1096 2935 υ
1107 2935 1112 2944 ,
1130 2919 1152 2938 et
1174 2916 1203 2938 ad

1260 2645 1341 2672 Ephes.
1364 2645 1386 2672 1,
1404 2644 1433 2666 5;
1452 2644 1494 2672 Qui
1513 2644 1688 2671 praedestinaxit
1715 2650 1778 2666 nos...
1804 2642 1931 2665 secundnm
1957 2643 2100 2670 propositum

1260 2684 1383 2705 voluntatis
1399 2689 1461 2705 suae.
1479 2682 1522 2705 Ct'r.
1542 2689 1563 2711 q.
1582 2689 1628 2711 seq.
1647 2683 1668 2704 in
1687 2688 1749 2710 corp.

1323 2721 1331 2736 ⁴¹
1349 2722 1373 2744 ld
1389 2725 1423 2744 est
1440 2722 1535 2749 realem,
1554 2722 1581 2743 dc
1600 2727 1645 2750 quo
1663 2721 1716 2743 vide
1733 2727 1803 2748 supra
1821 2720 1843 2743 d.
1867 2720 1902 2742 30.
1929 2726 1949 2748 q.
1977 2720 1996 2741 3.
2022 2732 2053 2736 -
2073 2720 2100 2743 In

1260 2762 1304 2783 fine
1321 2762 1450 2789 argumenti
1468 2761 1518 2782 Vat.
1537 2767 1590 2783 cum
1608 2760 1658 2783 cod.
1686 2766 1711 2782 cc
1736 2761 1817 2782 omittit
1842 2759 1914 2782 verba
1937 2760 2099 2781 conclusionis:

1260 2806 1315 2830 erqo
1329 2799 1513 2829 praedestinabo
1531 2799 1586 2822 dicit
1602 2799 1658 2829 qaid
1674 2799 1787 2822 creatum.

1322 2839 1331 2853 ⁵
1347 2839 1391 2862 Clr.
1409 2845 1478 2866 snpra
1497 2845 1549 2866 pag.
1569 2838 1621 2866 521,
1639 2841 1690 2860 nota
1709 2838 1729 2859 2.

1321 2878 1331 2892 6
1348 2878 1477 2905 Respicitnr
1495 2877 1595 2899 definitio
1613 2877 1826 2904 praedestinationis
1842 2878 1916 2899 sumta
1934 2882 1961 2898 ex
1978 2875 2036 2898 libro
2052 2875 2100 2897 Ful-

1259 2918 1327 2945 genui
1346 2917 1374 2939 de
1391 2917 1444 2939 Fido
1462 2916 1490 2938 ad
1508 2916 1613 2944 Petrum,
1632 2922 1650 2938 c.
1670 2915 1706 2937 35.
1726 2922 1746 2937 n.
1764 2915 1801 2937 78.
1820 2915 1859 2937 ct‘r.
1877 2922 1899 2943 q.
1917 2921 1965 2943 seq.

2189 3126 2205 3263 «μὴ---
2198 2978 2199 2985 .
