2215 3404
690 137 773 165 DtST.
796 138 908 166 XXXVI.
930 137 1003 166 ART.
1025 137 1065 165 III.
1087 138 1222 174 QUAEST.
1244 139 1262 166 1.

187 218 212 245 2.
234 216 311 251 Item,
338 223 443 244 «omne
465 215 540 252 quod
561 218 604 244 est
625 215 651 243 in
674 215 745 249 Deo,
767 217 809 243 est
829 222 865 242 ex
890 215 950 251 ipso

107 266 135 292 et
155 271 205 300 per
226 263 357 300 ipsum»,
378 265 410 290 ut
431 262 498 290 dicit
515 262 702 298 Augustinus,
723 264 750 290 et
770 261 898 297 Magister
924 261 950 288 in

107 310 199 339 littera
212 310 220 323 ¹
227 321 234 344 3
266 310 314 339 sed
340 309 413 337 mala
443 316 587 346 nunquam
610 311 675 337 sunt
695 317 730 336 ex
751 308 808 336 Deo
829 315 879 336 nec
896 316 950 344 per

107 356 208 385 Deum:
230 363 297 392 ergo
318 363 368 384 nec
389 355 421 383 in
442 355 507 383 Deo.

187 403 213 430 3.
234 403 317 437 item,
339 409 421 430 omne
443 402 518 438 quod
539 404 581 430 est
602 401 629 429 in
650 401 716 435 Deo,
737 404 787 429 aut
807 404 849 429 est
879 400 951 429 sicut

107 449 134 477 in
164 449 310 486 principio
342 448 527 485 producente,
558 450 607 476 aut
632 447 703 476 sicut
730 447 757 475 in
789 446 952 484 exemplari

108 496 299 532 exprimente,
320 497 369 523 aut
400 495 472 523 sicut
498 495 526 522 in
554 493 632 530 fine²
668 496 865 527 conservante3
900 493 947 521 sed

107 545 235 571 constans
256 545 310 575 est,
331 541 406 578 quod
421 541 496 569 Deus
517 548 572 568 non
593 543 635 569 est
646 540 830 577 principium
849 539 951 576 produ-

106 596 171 618 cens
192 589 281 623 mala,
312 596 361 617 nec
394 589 478 616 etiam
510 596 695 616 conservam.
728 587 810 621 item,
833 595 886 615 non
909 590 950 615 est

106 635 255 672 exemplar
282 635 457 671 exprimens,
485 634 551 671 quia
582 634 653 662 ratio
674 634 845 670 exemplaris
865 636 951 661 atten-

106 682 183 711 ditur
204 682 358 711 secundum
381 681 624 715 assimilationem3
646 680 695 709 sed
716 680 765 709 Dei
786 680 821 709 ad
843 680 950 708 malum

105 729 184 757 nulla
214 732 255 757 est
285 728 459 758 assimilatio:
492 735 558 764 ergo
587 728 660 756 mala
681 727 759 755 nullo
781 727 864 755 modo
885 729 950 755 sunt

106 775 132 804 in
155 775 220 804 Deo.

184 823 211 850 4.
232 822 315 856 Item,
336 824 439 859 quanto
460 821 566 858 aliquid
587 820 689 849 melius
703 824 757 855 est,
772 823 847 849 tanto
863 820 951 857 magis

106 869 190 898 distat
218 877 234 896 a
260 868 346 902 malo,
376 868 424 897 sed
455 868 530 896 Deus
561 870 603 896 est
633 867 768 904 optimus,
796 875 852 904 quo
882 866 949 895 nihil

106 915 206 944 melius
227 917 317 951 potest
338 914 466 951 cogitari:
489 922 556 950 ergo
577 916 653 942 tanta
674 914 804 942 distantia
826 913 918 942 differt
931 913 950 947 ⁸,

105 964 209 999 quanta
229 961 306 989 nulla
328 961 417 989 maior
437 963 528 998 potest
549 960 672 997 cogitari.
694 960 747 989 Sed
764 961 851 997 magis
866 960 950 989 distat

105 1016 121 1036 a
141 1008 215 1036 malo
236 1008 310 1045 quod
332 1015 383 1036 nec
405 1008 489 1036 habet
508 1008 653 1036 veritatem
670 1007 791 1035 malitiae
806 1015 856 1036 nec
878 1007 951 1036 sirni-

105 1054 267 1088 litudinem,
289 1062 373 1091 quam
395 1054 469 1091 quod
494 1054 576 1082 habet
597 1054 695 1082 saltem
722 1053 949 1087 similitudinem,

81 1113 84 1116 ·
104 1104 131 1130 et
152 1102 179 1129 in
201 1109 257 1138 quo
278 1101 355 1129 nullo
378 1101 460 1129 modo
482 1104 524 1129 est
545 1101 668 1135 malum,
690 1108 774 1138 quam
790 1100 817 1128 in
833 1108 888 1137 quo
903 1100 950 1128 ali-

3 1254 11 1272 1
22 1253 93 1277 opposi-

16 1278 58 1296 tum.

104 1156 160 1186 quo
181 1148 264 1177 modo
285 1151 338 1176 est:
361 1156 428 1184 ergo
449 1151 500 1176 etc.

183 1195 310 1223 CONTRA:
335 1196 358 1222 l.
381 1195 469 1223 Omne
490 1195 565 1231 quod
588 1194 764 1231 cognoscitur
786 1194 821 1222 ab
847 1194 949 1231 aliquo,

106 1241 154 1278 qui
175 1244 217 1270 est
237 1249 288 1269 sua
309 1241 440 1277 cognitio,
469 1244 510 1269 est
542 1241 567 1269 111
600 1241 647 1269 1110
678 1243 811 1277 tanquam
844 1240 871 1268 in
909 1248 951 1269 co-

106 1291 268 1324 gnoscente;
291 1288 339 1317 sed
361 1288 435 1316 Deus
466 1288 605 1324 cognoscit
626 1287 708 1321 mala,
730 1287 795 1324 quia
816 1295 849 1315 ea
871 1287 951 1324 punit

105 1338 132 1363 et
153 1335 299 1372 reprobat,
328 1338 354 1363 et
386 1334 461 1363 Deus
491 1337 533 1362 est
561 1342 612 1363 sua
634 1334 764 1371 cognitio:
787 1341 854 1370 ergo
875 1333 945 1361 mala

105 1384 171 1410 sunt
200 1381 227 1409 in
256 1381 320 1410 Deo.
352 1381 448 1409 Minor
479 1383 569 1418 patet,
591 1381 688 1409 maior
720 1380 863 1414 similiter,
885 1380 951 1416 quia

105 1436 186 1456 omne
214 1428 355 1464 cognitum
385 1430 426 1456 est
453 1427 481 1455 in
513 1427 703 1464 cognitione⁴z
737 1428 759 1455 si
788 1435 853 1463 ergo
876 1427 949 1455 idem

104 1477 146 1503 est
166 1475 284 1511 cognitio
305 1477 332 1503 et
353 1482 528 1511 cognoscens,
551 1482 617 1511 ergo
639 1475 661 1503 si
677 1478 718 1503 est
734 1474 760 1502 in
782 1474 946 1511 cognitione,

104 1523 131 1549 et
151 1521 179 1549 in
201 1523 391 1557 cognoscente.

183 1568 208 1595 ⁰2.
230 1567 306 1602 Item,
327 1575 409 1596 omne
434 1568 510 1604 quod
531 1567 706 1604 cognoscitur
728 1567 755 1594 in
777 1567 885 1604 aliquo,
907 1569 949 1595 est

103 1614 131 1642 in
151 1614 198 1642 illo
219 1614 246 1642 in
262 1622 317 1651 quo
332 1614 523 1651 cognoscitur,
546 1614 594 1643 sed
610 1614 683 1642 mala
698 1617 905 1650 cognoscuntur
921 1614 948 1642 in

103 1661 173 1689 Deo:
186 1669 252 1697 ergo
267 1663 332 1689 sunt
346 1661 373 1688 in
385 1661 449 1689 Deo.
467 1661 593 1689 Probatio
607 1660 749 1688 minoris:
764 1660 838 1688 mala
853 1668 950 1697 cogno-

103 1710 220 1736 scuntur
241 1715 258 1736 a
271 1707 328 1736 Deo
342 1724 380 1727 —
395 1710 502 1736 constat
516 1708 554 1728 —‘—
569 1710 617 1736 aut
631 1707 712 1735 intra
726 1716 765 1741 se,
780 1710 829 1735 aut
848 1711 947 1735 extra:

102 1762 157 1782 non
178 1757 282 1788 extra,
304 1754 356 1783 hoc
377 1757 497 1789 constat,
518 1754 584 1791 quia
605 1754 717 1783 divinus
739 1757 869 1791 aspectus
894 1762 948 1782 non

104 1801 163 1829 exit
184 1804 281 1835 extra,
302 1804 368 1830 tunc
389 1801 463 1830 enim
485 1801 622 1838 indigeret
652 1801 707 1829 3110
728 1801 764 1829 ad
785 1808 950 1837 cognoscen-

104 1848 172 1877 dum
185 1848 204 1875 ⁵.
227 1849 263 1876 Et
290 1848 406 1882 iterum,
428 1848 522 1885 Augeli
548 1850 718 1885 cognoscunt
739 1847 813 1875 mala
834 1847 862 1875 in
883 1847 948 1876 Deo.

106 1894 181 1923 Unde
202 1895 372 1931 Augustinus
393 1902 478 1931 super
504 1895 631 1923 Genesim
660 1894 695 1922 ad
721 1894 842 1922 litteram
857 1894 879 1921 ⁶:
902 1895 950 1921 An-

1792 142 1847 169 627

1008 214 1061 251 geli
1083 215 1178 243 vident
1198 215 1226 243 in
1248 216 1295 243 illo
1316 216 1389 245 bona
1409 220 1511 251 nostra,
1533 225 1604 254 quae
1626 218 1665 246 eis
1686 218 1807 254 placent,
1822 222 1849 247 et

1008 260 1080 288 mala
1103 264 1206 295 nostra,
1227 270 1298 298 quae
1319 263 1359 291 eis
1380 263 1534 299 displicent.

1088 306 1112 335 3.
1135 307 1217 341 Item,
1239 316 1321 336 omne
1343 309 1417 345 quod
1446 310 1621 346 cognoscitur
1643 310 1670 338 in
1691 311 1800 347 alique,
1822 314 1849 339 et

1007 361 1061 381 non
1083 361 1133 389 per
1154 354 1298 388 accidens,
1320 357 1361 383 est
1382 355 1476 392 aliquo
1497 356 1580 384 modo
1601 356 1629 384 in
1661 357 1708 385 illo
1729 357 1800 386 sicut
1821 358 1848 385 in

1007 400 1176 437 exemplari3
1201 401 1249 429 sed
1275 401 1349 429 mala
1370 405 1575 438 cognoscuntur
1597 411 1613 431 a
1637 403 1709 437 Deo,
1731 404 1778 432 sed
1794 412 1849 432 non

1007 454 1057 483 per
1078 447 1221 482 accidens,
1242 448 1308 484 quia
1328 448 1398 475 nihil
1420 456 1469 484 per
1490 449 1617 477 accidens
1632 451 1779 486 cognoscit,
1800 450 1849 479 sed

1007 493 1100 521 omnia
1120 501 1171 530 per
1193 501 1236 522 se:
1259 501 1325 530 ergo
1346 494 1420 522 111313
1441 498 1506 523 sunt
1526 495 1553 523 in
1575 495 1639 524 Deo.

1085 541 1112 568 4.
1134 540 1217 574 ltem,
1238 548 1319 569 omne
1340 541 1415 577 quod
1437 542 1611 577 cognoscitur
1632 542 1666 570 ab
1687 542 1780 579 aliquo
1795 551 1849 571 non

1007 594 1057 623 per
1079 587 1278 623 privationem,
1307 587 1482 623 cognoscitur
1509 595 1559 624 per
1591 588 1801 618 similitudinem
1823 592 1850 618 et

1007 632 1112 666 11103111,
1134 632 1181 661 sed
1204 633 1232 660 in
1254 632 1310 661 Deo
1332 641 1384 661 non
1408 632 1481 661 cadit
1502 633 1619 670 cognitio
1651 642 1701 671 per
1722 635 1850 671 privatio-

1007 687 1087 713 nem,
1109 679 1174 715 quia
1196 679 1273 707 nulla
1294 682 1384 715 potest
1405 679 1431 707 iu
1455 679 1501 707 illo
1522 680 1676 717 exemplari
1706 688 1766 709 esse
1797 682 1850 718 pri-

1007 725 1096 759 vatio,
1118 733 1182 753 cum
1198 725 1232 754 sit
1247 733 1337 762 purus
1358 728 1437 754 actus
1450 726 1474 753 ⁷:
1490 733 1556 762 ergo
1572 727 1595 754 si
1610 727 1749 763 cognoscit
1764 727 1849 761 111313,

1007 780 1062 800 11011
1083 772 1222 808 cognoscit
1243 780 1294 808 per
1314 772 1518 808 privationem,
1550 773 1598 801 sed
1624 780 1674 809 per
1696 773 1850 802 similitudi-

1007 827 1080 848 nem.
1109 819 1162 847 Sed
1194 818 1347 847 similitudo
1379 822 1420 847 est
1451 819 1513 847 idea
1544 819 1571 847 in
1593 819 1667 848 Deo:
1690 827 1756 856 ergo
1778 820 1851 848 mala

1007 865 1111 894 habent
1131 865 1223 894 ideam
1244 866 1271 893 in
1292 866 1358 894 Deo.

1312 967 1548 988 CONCLUSIO.

1009 1053 1085 1082 Deus
1116 1053 1198 1081 mala
1226 1053 1388 1090 coyoioseit,
1421 1053 1486 1090 ipsa
1515 1056 1612 1081 tamen
1642 1061 1700 1081 11011
1730 1053 1851 1081 suntin

1088 1100 1143 1127 Deo
1163 1108 1215 1127 nec
1236 1098 1341 1127 liabent
1362 1099 1459 1127 ideam
1481 1099 1510 1127 in
1533 1107 1581 1132 eo,
1603 1099 1653 1127 sect
1678 1107 1851 1135 0093030311-

1087 1151 1136 1175 tur
1154 1155 1208 1184 per
1230 1146 1327 1175 ideam
1359 1146 1521 1180 bonorum,
1553 1154 1680 1184 quorum
1705 1150 1774 1173 sunt
1791 1146 1852 1183 pri-

1086 1193 1223 1222 vationes.

1086 1287 1262 1316 Responneo:
1284 1286 1455 1320 Dicendum,
1484 1286 1558 1323 quod
1590 1286 1664 1314 mala
1684 1295 1700 1314 a
1722 1286 1778 1315 Deo
1809 1295 1967 1317 co-‹maum

1004 1337 1205 1370 yizosctmtttr,
1227 1341 1282 1361 non
1304 1336 1397 1362 tamen
1418 1333 1446 1361 in
1468 1333 1524 1361 Deo
1546 1333 1675 1361 existunt
1695 1333 1849 1361 secundum

1006 1380 1082 1417 quod
1103 1380 1201 1414 mala,
1224 1380 1290 1416 quia
1305 1380 1343 1408 sic
1358 1380 1500 1416 loquimur
1516 1380 1543 1407 in
1560 1379 1710 1416 proposito.
1725 1396 1764 1399 —
1779 1379 1851 1413 Ideo,

1007 1426 1134 1463 inquam,
1149 1430 1375 1464 cognoscuntur,
1391 1426 1457 1462 quia
1472 1426 1544 1454 sicut
1564 1429 1696 1454 «rectum
1711 1428 1753 1454 est
1765 1425 1851 1454 iudex
1865 1434 1919 1460 uano
1933 1440 1966 1457 pro

1007 1473 1050 1501 sui
1071 1476 1098 1501 et
1119 1473 1280 1510 obliqui⁸›>,
1303 1473 1342 1501 sic
1363 1480 1474 1501 summa
1489 1473 1598 1501 veritas
1619 1472 1852 1501 0111111011101113
1877 1463 1943 1480 ‘mm'

1006 1523 1048 1548 est
1069 1520 1139 1548 ratio
1161 1520 1343 1556 cognoscendi
1371 1528 1425 1548 non
1450 1522 1558 1548 tantum
1583 1520 1735 1548 veritatem
1761 1522 1787 1548 et
1812 1519 1852 1547 111-

1006 1575 1067 1595 00111
1088 1570 1115 1595 et
1136 1570 1250 1600 actum,
1283 1567 1332 1595 sed
1359 1567 1443 1595 etiam
1464 1566 1676 1604 obliquitatem,
1706 1566 1849 1594 tenebram

1006 1618 1033 1642 et
1055 1614 1260 1651 privationem.
1291 1613 1367 1642 Unde
1399 1614 1450 1641 lux
1483 1621 1512 1642 se
1544 1614 1604 1651 ipsa
1638 1614 1779 1642 tenebram
1812 1621 1853 1642 co-

1006 1661 1112 1698 gnoscit
1125 1660 1143 1688 ⁹.
1330 1691 1334 1694 .

1085 1708 1142 1736 Non
1163 1711 1232 1736 sitiit
1256 1710 1351 1736 autem
1384 1707 1457 1735 mala
1484 1707 1512 1735 in
1538 1707 1609 1742 Deo,
1641 1707 1772 1744 queniam
1805 1707 1852 1735 illa
1877 1715 1978 1748 lintiopro

1006 1755 1139 1783 dicuntur
1161 1762 1221 1783 esse
1243 1754 1270 1782 in
1292 1754 1362 1789 Deo,
1383 1754 1419 1783 ad
1440 1762 1512 1791 quae
1535 1757 1701 1792 cooperatur
1722 1754 1797 1783 Deus
1813 1762 1853 1783 se-
1866 1738 1954 1756 ‘Qum'

1006 1801 1131 1830 cundum
1152 1801 1266 1838 aliquod
1289 1809 1377 1838 genus
1398 1809 1513 1835 causae,
1545 1804 1572 1829 et
1603 1800 1726 1829 maxime
1757 1808 1852 1829 secun-

1006 1848 1075 1876 dum
1107 1855 1194 1884 genus
1226 1856 1327 1877 causae
1359 1848 1484 1876 formalis
1514 1850 1541 1876 et
1573 1847 1759 1884 exemplaris,
1797 1855 1852 1875 ma-

1006 1894 1065 1922 lum
1097 1897 1191 1922 autem
1220 1902 1274 1922 non
1296 1894 1380 1922 habet
1402 1894 1490 1922 Deum
1512 1901 1563 1930 pro
1585 1894 1706 1928 causam,
1728 1901 1778 1922 nec
1800 1902 1851 1930 pro

166 2086 171 2099 ¹
191 2085 245 2114 Cap.
263 2087 288 2113 2,
307 2086 346 2108 ubi
363 2089 385 2108 ct
402 2085 473 2108 verba
491 2086 612 2113 Augustini
631 2085 750 2108 habentur.

164 2125 172 2139 ἵ
190 2125 212 2146 111
231 2124 280 2146 Vat.
298 2124 361 2147 deest
384 2124 442 2154 fine,
462 2131 532 2153 quam
550 2130 632 2146 vocem
654 2125 795 2147 restituimus
816 2125 948 2147 auctoritate

103 2163 169 2186 codd.
187 2163 207 2185 K
218 2163 307 2185 VWX
325 2170 350 2185 aa
368 2163 400 2185 bb
418 2169 460 2185 nec
477 2169 521 2185 non
539 2164 671 2185 auctoritate
690 2166 763 2185 textus
784 2170 854 2191 supra
878 2163 946 2186 habiti

103 2209 122 2225 a.
141 2203 161 2225 2.
177 2210 198 2231 q.
221 2203 237 2224 l.
256 2203 278 2224 in
295 2208 358 2230 corp.

164 2241 174 2255 3
191 2240 262 2263 Codd.
280 2241 325 2269 PQ
342 2241 419 2264 distat.

167 2280 174 2294 ⁴
191 2280 235 2302 Cfr.
253 2286 323 2307 supra
341 2286 393 2308 pag.
407 2280 447 2308 68,
466 2284 517 2302 nota
531 2281 557 2308 2,
575 2281 707 2308 ωλι-15101,
722 2280 767 2302 Xll.
781 2280 877 2308 Metapli.
896 2283 947 2303 text.

103 2318 139 2340 51.
157 2318 209 2344 (Xl.
227 2324 246 2340 c.
265 2319 308 2346 9.),
327 2318 366 2340 ubi
384 2319 511 2346 specialiter
527 2319 602 2346 agitur
620 2318 648 2340 de
665 2318 815 2340 intellectione
832 2318 879 2340 Dei.

164 2357 174 2371 ⁵
190 2356 234 2379 Csr.
253 2358 360 2385 August,
382 2357 407 2379 V.
426 2357 454 2379 de
474 2358 529 2379 Gen.
552 2358 581 2380 ad
602 2358 632 2380 lit.
656 2364 674 2380 c.
698 2358 730 2380 l3.
748 2364 769 2380 n.
783 2358 827 2380 29:
846 2359 915 2381 Porro
930 2360 948 2381 si

102 2399 198 2418 noverat
215 2396 331 2424 (omnia),
355 2396 394 2418 ubi
412 2397 454 2418 uisi
480 2397 542 2424 apud
560 2397 648 2425 ipsumy
675 2398 738 2425 apud
755 2404 825 2426 quem
844 2398 947 2421 Verbum

103 2437 160 2463 erat,
178 2441 219 2462 per
236 2435 300 2464 quod
322 2436 379 2457 sacta
398 2437 450 2457 sunt
467 2436 559 2457 omnia?
585 2436 640 2457 Nam
658 2437 676 2458 si
697 2438 758 2458 extra
777 2443 801 2459 sc
827 2438 903 2465 ipsum
921 2444 946 2459 ea

103 2477 208 2502 noverat,
226 2475 278 2502 quis
295 2472 490 2497 cum‘docuerat‘!
509 2475 564 2502 Quis
581 2475 642 2496 enim
665 2477 774 2503 cognovit
796 2482 889 2498 sensum
906 2476 948 2498 Do-

102 2513 168 2541 mini,
186 2516 225 2535 aut
242 2514 293 2541 quis
311 2513 452 2535 consiliarius
469 2514 519 2535 eius
537 2513 595 2536 suit?
618 2514 696 2539 (Rom.
721 2514 752 2541 11,
780 2514 834 2542 ssa).
851 2526 883 2530 --
898 2515 946 2536 Vat.

103 2557 155 2574 cum
167 2552 220 2574 edd.
238 2553 258 2580 2,
272 2552 293 2580 3,
312 2551 332 2579 4,
351 2552 371 2580 5,
390 2553 401 2573 (Σ
416 2553 452 2574 1110
469 2552 541 2574 addit:
560 2552 639 2575 Restat
655 2559 722 2582 erqo,
742 2553 805 2582 quod
822 2553 885 2576 iutra
900 2560 930 2576 se.

163 2590 173 2604 ὃ
190 2590 250 2612 Libr.
269 2590 292 2612 ll.
310 2596 329 2612 0.
347 2591 367 2612 8.
386 2597 407 2612 11.
430 2590 468 2612 17:
486 2591 564 2619 Neque
581 2592 656 2618 enim,
676 2592 735 2613 sicut
751 2598 805 2619 nos,
831 2591 860 2613 ad
877 2593 947 2619 perci-

103 2628 210 2656 piendam
228 2629 363 2656 sapientiam
381 2629 531 2656 proficiebant
547 2630 640 2657 Angeli,
662 2633 687 2652 ut
704 2630 825 2652 invisibilia
843 2630 883 2652 Dei
906 2636 947 2658 per

103 2673 129 2689 ea
146 2668 273 2696 quaefacta
292 2670 345 2690 sunt
361 2668 471 2689 intellecta
493 2669 661 2696 conspicerent,
686 2669 736 2696 qui,
759 2675 785 2690 ex
809 2674 855 2697 quo
878 2670 946 2690 creati

103 2708 165 2735 sunt⁷
183 2708 232 2734 ipsa
251 2706 320 2729 Verbi
337 2707 468 2729 aeternitate
493 2711 570 2730 sancta
587 2711 608 2730 et
625 2708 660 2735 pia
688 2709 878 2736 contemplatione
895 2715 947 2736 per-

102 2744 218 2773 fruuntur,
236 2747 304 2773 atque
321 2745 374 2767 inde
386 2745 426 2767 ista
445 2745 606 2773 despicientes,
625 2747 752 2768 secundum
771 2747 794 2768 id
812 2747 875 2775 quod
887 2748 947 2769 intus

102 2783 192 2811 vident,
210 2784 245 2806 vel
264 2787 323 2806 recte
340 2784 397 2806 tacta
415 2784 554 2811 approbant,
572 2785 608 2806 vel
626 2788 720 2812 peccata
737 2785 875 2813 improbant.

164 2822 174 2836 ⁷
191 2823 233 2845 Pro
250 2824 348 2851 ratione,
367 2829 426 2851 quae
444 2823 480 2844 liic
497 2822 630 2850 adducitur,
648 2824 779 2846 Scliolastici
797 2824 895 2851 allegare
913 2830 946 2846 so-

104 2860 148 2882 lent
160 2861 223 2889 quod
239 2861 353 2883 Averroes
365 2861 419 2883 dicit
436 2862 457 2882 in
470 2861 533 2883 illum
552 2864 636 2883 textum
649 2863 738 2884 111-15101.
757 2862 802 2890 (lll.
813 2862 842 2884 de.
854 2863 945 2890 Anima,

104 2901 154 2921 text.
182 2899 239 2928 25.ss
265 2900 287 2921 Si
317 2906 372 2922 vero
394 2900 459 2922 3110111
487 2906 530 2921 non
559 2901 616 2923 inest
638 2902 789 2929 contrarium,
820 2902 896 2929 ipsum
922 2907 945 2922 se

1006 2087 1083 2114 ipsum
1095 2087 1219 2113 cognoscit.
1233 2094 1243 2106 «
1257 2086 1313 2107 Dicit
1324 2086 1385 2107 enim
1396 2092 1401 2107 :
1420 2085 1442 2107 id
1459 2088 1498 2113 est,
1511 2086 1528 2107 si
1548 2085 1614 2107 t'uerit
1626 2086 1707 2113 aliquis
1719 2086 1850 2114 intellectus⁷

1006 2125 1045 2153 qui
1063 2130 1107 2146 nou
1125 2125 1239 2146 invenitur
1257 2124 1397 2153 quandoque
1415 2125 1541 2152 intelligens
1559 2125 1580 2145 iu
1598 2125 1696 2151 potentia
1710 2126 1731 2145 et
1748 2125 1852 2153 quando-

1006 2170 1052 2192 que
1069 2164 1196 2191 intelligens
1213 2165 1234 2185 in
1253 2166 1315 2191 actu,
1333 2166 1387 2185 tunc
1405 2163 1441 2185 ille
1457 2163 1583 2185 intellectus
1601 2169 1645 2185 non
1664 2164 1796 2191 intelligeret
1809 2165 1851 2191 pri-

1006 2203 1121 2225 x‘ationem
1138 2203 1244 2230 omnino⁷
1263 2204 1333 2224 immo
1352 2202 1404 2224 niliil
1423 2203 1557 2230 intelligeret
1575 2206 1636 2224 extra
1654 2208 1677 2224 se
1696 2211 1716 2225 ».

1069 2240 1078 2255 8
1095 2241 1196 2269 Aristot.‚
1215 2241 1228 2262 l.
1248 2241 1275 2263 de
1293 2241 1385 2268 Anima,
1405 2244 1455 2263 text.
1474 2241 1510 2262 85.
1530 2240 1563 2268 (c.
1582 2240 1630 2269 5.):
1654 2241 1773 2263 Sufficiens
1790 2242 1849 2263 enim

1005 2282 1039 2302 est
1056 2280 1124 2302 altera
1142 2286 1196 2308 pars
1213 2281 1377 2302 contrarietatis
1394 2286 1419 2302 se
1436 2281 1510 2307 ipsam
1529 2280 1654 2302 diiudicare
1671 2282 1693 2301 et
1710 2281 1849 2308 oppositaiii3

1006 2321 1067 2341 recto
1085 2320 1145 2341 euim
1171 2323 1193 2342 et
1210 2320 1287 2347 ipsum
1312 2322 1334 2341 et
1356 2319 1476 2347 obliquum
1502 2319 1675 2347 cognoscimus3
1702 2318 1769 2340 iudex
1790 2319 1850 2340 enim

1006 2361 1157 2388 utrorumque
1183 2359 1278 2387 rcgula3
1304 2358 1425 2387 obliquum
1452 2361 1528 2380 autem
1554 2364 1628 2386 neque
1653 2359 1687 2380 sui
1714 2359 1787 2385 ipsius
1813 2364 1851 2379 110-

1006 2404 1051 2426 que
1066 2398 1126 2419 recti.

1067 2436 1077 2450 s'
1093 2437 1197 2463 Dionys..
1216 2436 1244 2458 de
1262 2437 1311 2458 niv.
1329 2436 1394 2458 Nom.
1413 2443 1431 2457 (·.
1450 2436 1470 2457 7.
1488 2435 1502 2464 g
1520 2437 1545 2457 2:
1567 2436 1616 2457 Non
1634 2437 1694 2457 euim
1713 2442 1739 2457 cx
1757 2436 1849 2458 existen-

1006 2475 1067 2498 tibus
1083 2477 1198 2498 existentia
1218 2476 1308 2497 discens
1326 2476 1389 2497 novit
1407 2475 1499 2497 divinus
1516 2476 1618 2503 animus,
1643 2475 1684 2497 sed
1701 2481 1727 2496 ex
1749 2481 1773 2497 se
1790 2478 1811 2497 et
1828 2475 1849 2496 in

1005 2522 1052 2537 se...
1071 2522 1114 2537 non
1127 2515 1255 2537 secundum
1268 2516 1369 2542 speciem
1386 2515 1475 2541 singula
1488 2515 1656 2542 contemplans,
1669 2514 1709 2536 sed
1722 2513 1848 2536 secundum

1005 2560 1074 2576 unalu
1092 2560 1174 2576 causae
1197 2554 1391 2576 circumstantiam
1409 2554 1483 2575 omnia
1508 2554 1581 2576 sciens
1599 2556 1621 2574 ct
1642 2554 1774 2579 continens,
1792 2553 1847 2574 sicut

1005 2595 1025 2614 et
1043 2593 1079 2614 lux
1102 2592 1230 2614 secundum
1248 2598 1342 2614 causam
1368 2593 1388 2613 in
1407 2598 1432 2614 se
1454 2593 1502 2620 ipsa
1527 2592 1680 2619 cognitionem
1703 2591 1848 2613 tenebrarum

1005 2630 1170 2658 praeambivit,
1188 2637 1233 2652 non
1250 2630 1342 2652 aliunde
1360 2631 1442 2652 videns
1459 2630 1564 2652 tenebras
1577 2636 1646 2658 quum
1664 2636 1675 2651 a
1694 2630 1785 2651 lumine.

1068 2669 1087 2682 ¹0
1104 2669 1158 2690 Nam
1177 2675 1229 2690 cum
1247 2669 1386 2696 Augustino,
1404 2669 1450 2690 Xll.
1469 2669 1496 2690 110
1514 2668 1561 2690 Civ.
1574 2668 1624 2695 Dei,
1637 2674 1656 2690 0.
1674 2668 1697 2695 7,
1718 2667 1760 2689 dit-i
1779 2668 1849 2689 solet:

1008 2707 1113 2729 «Malum
1131 2713 1176 2729 uon
1193 2707 1258 2729 hahet
1278 2713 1370 2729 causam
1383 2706 1529 2736 efficientem,
1549 2706 1589 2728 sed
1601 2705 1755 2735 (ἰείη-1111110111,
1776 2706 1849 2733 qualis

1005 2752 1049 2768 non
1067 2749 1101 2768 est
1118 2746 1178 2768 Deus
1192 2753 1211 2768 n.
1224 2758 1253 2761 —
1266 2746 1339 2767 Minus
1356 2747 1443 2767 sincera
1456 2748 1478 2767 et
1489 2745 1610 2773 reprobata
1624 2751 1635 2766 a
1648 2744 1767 2766 codicibus
1779 2747 1801 2765 et
1812 2744 1848 2766 ed.

1005 2785 1013 2806 rl
1036 2788 1070 2806 est
1087 2784 1136 2805 Vnt.
1155 2785 1232 2806 lectio:
1253 2790 1297 2812 pro
1315 2790 1389 2807 causa.
1404 2783 1503 2813 foi-muli
1519 2785 1539 2806 el
1554 2789 1598 2813 pro
1616 2782 1753 2812 exemplari.
1780 2783 1847 2804 Paulo

1004 2823 1098 2845 inferius
1122 2823 1203 2844 eadem
1229 2823 1278 2845 Vat.
1305 2829 1357 2844 011111
1384 2823 1434 2845 eod.
1453 2829 1478 2844 cc
1505 2826 1589 2844 temere
1610 2822 1739 2849 suppressit
1763 2821 1846 2843 verba:

1005 2861 1124 2889 0110111313
1142 2861 1215 2890 igitur
1228 2861 1332 2890 privatio
1351 2861 1481 2884 secuudum
1502 2860 1565 2890 quod
1584 2859 1721 2882 luu'nsmodi
1738 2859 1799 2882 nulli
1815 2860 1847 2882 es!

1004 2899 1172 2923 assimilabz'lz's.
