2215 3404
0 1085 80 1105 dameuta

0 2398 4 2406 .
14 2390 82 2413 01111οεί-

11 2417 37 2430 1111.

698 158 779 186 DlST.
802 159 885 187 XLIV.
909 159 979 187 ΛΒΤ.
1001 159 1018 187 1.
1040 160 1174 196 QUAEST.
1198 161 1214 188 l.

1772 164 1823 191 781

819 353 1051 387 ARTICULUS
1078 355 1099 386 1.

694 481 732 508 De
751 481 941 517 possibilitate
960 482 1066 509 mumiz‘
1084 483 1221 511 melioris.

859 633 1020 669 QUAESTlO
1040 635 1058 662 l.

193 753 294 782 Utrum
319 753 395 781 Deus
414 754 541 790 potuerit
564 754 705 781 mundum
725 754 824 790 facere
844 755 991 783 meliorem
1012 754 1109 791 quoad
1130 754 1325 782 substantiam,
1344 756 1479 791 partium
1500 756 1718 792 z‘nteyramium.

170 897 249 933 Quod
270 900 363 925 autem
386 897 507 934 potuerit
521 897 611 926 facere
627 898 764 926 mundum
786 897 928 926 meliorem

94 943 186 981 quoad
216 943 412 972 substantiam
434 944 555 980 partium
579 944 790 981 integrantium.
813 944 930 973 ostendi-

91 993 137 1019 tur
158 990 204 1019 sie.

171 1038 194 1065 l.
221 1037 313 1066 Partes
334 1037 504 1074 integrantes
526 1038 660 1066 mundum
684 1042 748 1066 sunt
770 1037 863 1066 finitae
885 1038 929 1066 bo-

85 1083 184 1112 ·uitatis
204 1087 232 1112 et
258 1084 393 1113 intensive
424 1087 450 1112 et
478 1084 637 1118 extensive:
669 1084 717 1113 sed
745 1084 820 1112 omni
851 1084 928 1113 finito

91 1132 179 1166 potest
199 1130 305 1167 aliquid
334 1126 435 1159 maius*
454 1134 480 1159 et
512 1131 611 1160 melius
633 1130 762 1168 cogitari3
785 1131 831 1159 sed
854 1131 930 1159 Deus

89 1177 152 1213 plus
173 1179 262 1214 potest
283 1177 388 1211 facere,
409 1185 493 1214 quam
516 1177 599 1205 homo
620 1177 706 1214 possit
737 1177 927 1214 intelligere1:
955 1170 958 1178 ’

89 1230 155 1259 ergo
183 1227 232 1252 etc.
267 1223 300 1251 Sz'
320 1227 351 1251 tu
383 1224 479 1257 stica-s,
508 1224 582 1261 quod
603 1224 726 1253 mundus
759 1232 811 1252 non
840 1224 929 1260 potuit

90 1270 211 1307 amplius
231 1278 346 1307 capere;
370 1271 418 1299 boc
451 1278 505 1299 non
537 1271 632 1305 solvit,
664 1271 730 1308 quia
760 1271 835 1300 Deus
866 1271 929 1299 i'aoit

89 1317 282 1353 capacitatem:
299 1325 365 1354 ergo
387 1318 520 1346 maiorem
541 1318 631 1354 potuit
652 1318 829 1354 capacitatem
853 1318 928 1349 dare,

90 1371 154 1391 cum
176 1364 236 1392 eius
256 1363 378 1400 potentia
400 1364 434 1392 sit
455 1364 567 1392 infinita.

169 1411 194 1437 ⁹2.
217 1410 299 1444 Item,
320 1418 451 1447 suprema
474 1413 603 1439 creatura
628 1411 653 1439 in
686 1411 818 1439 universo
839 1415 878 1440 est
902 1411 930 1438 fi-

90 1457 162 1490 nita,
184 1464 250 1493 ergo
271 1456 354 1485 distat
375 1465 389 1485 a
412 1457 468 1486 Deo
490 1458 515 1485 in
538 1457 694 1492 infinitum3
716 1458 807 1487 sedin
829 1458 930 1486 distan-

91 1503 128 1531 tia
149 1502 256 1531 infinita
277 1506 318 1532 est
339 1511 444 1540 ponere
476 1504 580 1540 gradus
602 1504 737 1533 infinitos:
760 1513 826 1541 ergo
858 1505 931 1533 ultra

90 1550 237 1579 bonitatem
260 1553 454 1579 creaturarum
476 1554 517 1579 est
539 1551 692 1588 intelligere
713 1554 856 1580 creaturas
871 1559 930 1588 gra-

94 1596 147 1625 dus
170 1596 297 1625 bonitatis
317 1597 466 1630 habentes,
488 1600 514 1625 et
534 1605 569 1625 ex
603 1598 645 1626 liis
677 1597 763 1634 potuit
797 1598 927 1635 integrari

90 1644 225 1672 mundus:
248 1651 314 1680 ergo
336 1647 385 1672 etc.

168 1689 192 1718 3.
228 1690 309 1719 item⁴
343 1694 468 1723 constat.
500 1692 575 1727 quod
608 1692 680 1720 Deus
712 1693 800 1728 potuit
840 1693 929 1720 faeere
956 1675 958 1683 ,

90 1737 228 1765 mundum
256 1745 291 1765 ex
320 1737 447 1774 partibus
481 1738 632 1766 maioribus
659 1738 746 1768 iizole.
770 1741 800 1766 ut
821 1738 928 1766 caelum

91 1783 210 1820 amplius
231 1783 289 1812 sive
312 1784 394 1811 latius
415 1787 441 1812 et
463 1787 565 1812 terram
589 1784 728 1812 latiorem:
755 1793 821 1821 ergo
843 1785 864 1813 si
886 1793 930 1821 po—

91 1830 143 1858 tuit
174 1830 263 1858 facere
296 1831 385 1858 maius
415 1830 500 1863 mole,
534 1831 629 1859 eadem
654 1832 758 1859 ratione
784 1835 808 1859 et
841 1832 930 1859 maius

91 1876 213 1904 virtute:
236 1880 263 1905 et
283 1876 304 1904 si
329 1877 394 1911 hoc.
417 1885 483 1914 ergo
504 1877 665 1914 simpliciter
688 1878 796 1906 melius.

169 1924 194 1951 [ι.
217 1924 292 1954 item.
317 1924 431 1952 materia
453 1924 606 1952 seeundum
629 1932 657 1952 se
681 1927 765 1952 totam
786 1933 875 1961 capax
890 1929 931 1953 est

92 1971 197 1998 formae
218 1970 419 2003 nobilissimae,
445 1975 475 1999 ut
506 1975 594 2007 patet:
627 1972 649 1999 si
681 1979 747 2008 ergo
768 1972 843 2000 Deus
864 1972 931 2000 dare

91 2017 179 2053 potuit
200 2017 273 2054 quod
297 2021 395 2045 natura
419 2018 548 2046 materiae
570 2017 658 2054 potuit
679 2026 790 2055 capere.
806 2026 872 2055 ergo
886 2027 931 2055 po-

95 2063 147 2092 tuit
167 2063 234 2092 dare
256 2064 304 2092 toti
328 2065 458 2093 materiae
481 2068 506 2093 et
538 2065 667 2093 omnibus
698 2065 825 2102 partibus
846 2066 932 2102 perse-
957 2062 959 2071 ¹

93 2110 209 2139 ctionem
233 2110 337 2138 formae
359 2111 564 2142 nobilissimae.
588 2115 617 2139 ut
639 2115 706 2148 puta
727 2112 868 2140 rationalis
887 2120 931 2140 na-

92 2159 183 2185 turae:
210 2165 276 2194 ergo
308 2157 397 2194 potuit
428 2157 517 2189 faeere
548 2158 702 2191 mundum⁷
724 2158 770 2195 qui
794 2161 932 2187 constaret

95 2211 129 2231 ex
145 2203 210 2232 solis
225 2204 387 2232 substantiis
409 2204 598 2233 rationalibus.
616 2205 645 2233 Et
660 2204 680 2233 si
697 2205 758 2234 hoc.
774 2207 839 2233 tunc
856 2213 932 2233 mun-

94 2249 148 2278 dus
179 2250 292 2279 haberet
314 2258 409 2279 omnes
441 2255 533 2288 partes
565 2252 718 2280 set-undum
748 2252 929 2280 substantiam

94 2296 234 2325 meliores:
257 2305 323 2333 ergo
344 2301 394 2325 ete.

171 2343 295 2372 CONTnAz
325 2346 344 2371 l.
364 2345 533 2380 Augustulus
555 2345 581 2372 in
598 2346 678 2373 tertio
695 2345 763 2373 libro
779 2345 813 2373 tle
835 2345 932 2373 Libero

94 2389 252 2418 Arbitrio2:
281 2390 447 2427 «Quidquid
469 2391 495 2419 111
528 2399 591 2419 vera
627 2392 730 2419 ratione
763 2391 862 2420 melius
884 2390 931 2419 tibi

94 2436 262 2471 occurrerit,
285 2437 354 2465 scias
381 2437 477 2466 fecisse
504 2438 593 2467 Deum
633 2442 762 2475 tanquam
796 2439 932 2466 bonorum

96 2483 221 2512 omnium
243 2484 432 2517 conditorem
455 2492 506 2512 non
539 2492 598 2513 esse
631 2488 740 2514 autem.
761 2485 833 2521 quod
870 2492 933 2512 vera
960 2503 961 2509 .

159 2651 165 2665 ¹
183 2651 226 2673 Csr.
245 2657 314 2678 supra
332 2651 353 2672 d.
373 2650 409 2672 42.
426 2657 448 2679 q.
467 2651 487 2673 3.
505 2657 554 2679 arg.
572 2651 592 2673 4.
612 2658 652 2679 pro
670 2656 732 2679 parte
750 2652 891 2674 affirmativa.

163 2690 171 2704 '²
187 2690 241 2718 Cap.
255 2690 276 2712 5.
289 2697 308 2712 n.
328 2691 359 2713 l3.
372 2691 394 2712 ln
412 2693 471 2712 textu
484 2691 603 2719 Augustini
622 2692 657 2713 hic
674 2692 752 2718 plures
769 2692 934 2719 propositiones

99 2730 196 2752 omissae
213 2733 279 2757 suntg
298 2730 347 2757 ipso
363 2729 421 2751 benc
439 2730 562 2751 illustratur
586 2730 641 2751 insi-a
659 2730 680 2751 in
698 2736 760 2757 corp.
786 2733 871 2758 quaest.
900 2730 934 2752 liis

98 2767 189 2790 verbis:
201 2768 264 2796 quod
281 2768 340 2790 nulla
357 2769 453 2790 essentia
473 2768 569 2790 nobilior
586 2771 659 2795 potest
676 2769 769 2796 cogitari
786 2774 836 2790 esse
853 2769 874 2789 in
892 2768 935 2789 hoc

46 2808 52 2815 “
99 2806 185 2828 mundo
202 2807 364 2829 rationabiliter
381 2807 453 2835 [sive.
473 2808 496 2828 ut
512 2807 533 2829 in
555 2808 605 2834 ipso
623 2810 682 2829 textu
700 2807 807 2831 nabetur,
825 2813 882 2829 vera
899 2812 935 2829 rct-

101 2844 183 2873 tioneL
205 2851 264 2873 quae
282 2852 325 2867 non
343 2846 371 2867 sit
388 2846 425 2868 ibi.

160 2882 170 2896 ³
186 2882 240 2911 Cap.
261 2883 280 2905 7.
299 2890 319 2905 n.
337 2884 358 2905 7.
375 2896 406 2900 —
424 2884 491 2906 Paulo
509 2884 603 2906 inferius
621 2888 670 2911 post
688 2883 789 2906 ambitus
810 2885 831 2905 in
849 2884 899 2906 cod.
917 2885 935 2911 Q

100 2921 131 2949 (in
148 2924 230 2949 marg.)
248 2922 339 2944 additur
355 2922 391 2945 vel
408 2921 525 2945 distantia.

987 898 1094 926 ratione
1109 898 1221 935 rogitas,
1244 906 1297 926 non
1313 902 1409 935 potest.
1426 899 1517 936 Neque
1539 899 1612 928 enim
1635 903 1665 927 tu
1686 901 1763 936 potes
1778 900 1824 927 ali-

986 944 1053 980 quid
1081 944 1181 973 melius
1206 944 1232 972 in
1261 948 1390 973 creatura
1410 945 1543 981 cogitare,
1575 945 1649 981 quod
1680 949 1824 974 creaturae

985 990 1121 1019 artificem
1143 990 1284 1028 fugerit».
1308 992 1377 1028 Ergo
1398 1000 1452 1020 non
1475 995 1562 1028 potest
1583 991 1676 1029 aliqua
1697 995 1823 1020 creatura

985 1036 1085 1065 nobilis
1101 1036 1223 1073 eogitari,
1238 1046 1309 1074 quae
1324 1046 1377 1066 non
1393 1038 1428 1066 sit
1449 1038 1483 1067 de
1504 1038 1697 1067 constitutione
1718 1038 1822 1066 mundi.

1068 1085 1092 1111 ι).
1115 1084 1196 1118 Item.
1220 1084 1388 1121 Augustinus
1402 1085 1567 1114 duodecimo
1582 1085 1787 1113 Confessionmn
1801 1084 1822 1111 3;

992 1130 1076 1159 «Duo
1098 1131 1200 1163 fecisti.
1222 1131 1351 1165 Domine.
1374 1139 1461 1159 unum
1483 1140 1569 1168 prope
1592 1134 1632 1160 te.
1647 1131 1721 1160 aliud
1738 1140 1823 1168 prope

989 1177 1094 1205 nibil».
1124 1178 1227 1206 seilicet
1259 1178 1410 1215 angelicam
1439 1182 1595 1207 creaturam
1628 1182 1653 1207 et
1678 1178 1822 1207 materiam

987 1224 1123 1261 primam3
1152 1225 1201 1253 sed
1234 1234 1287 1253 non
1320 1228 1407 1262 potest
1437 1225 1524 1253 maior
1555 1225 1676 1253 ambitus
1710 1226 1823 1262 cogitari

986 1279 1070 1307 quam
1093 1280 1108 1299 a
1129 1272 1334 1309 propinquitate
1355 1272 1403 1301 Dei
1425 1272 1458 1301 ad
1481 1272 1564 1300 nihil:
1581 1280 1647 1308 ergo
1660 1280 1714 1300 non
1737 1272 1823 1308 potuit

985 1316 1046 1346 fieri
1069 1318 1211 1351 mundus.v
1232 1319 1279 1355 qui
1309 1322 1391 1347 natus
1422 1322 1494 1347 esset
1514 1319 1641 1356 amplecti
1663 1318 1759 1355 plures
1780 1326 1824 1346 na-

985 1370 1066 1395 turas
1088 1373 1199 1394 rerum:
1222 1373 1287 1402 ergo
1309 1373 1362 1393 non
1383 1365 1473 1402 potuit
1495 1366 1617 1394 mundus
1638 1365 1697 1394 fieri
1726 1365 1823 1394 melior

984 1415 1123 1450 quantum
1144 1412 1179 1441 ad
1201 1413 1390 1449 capacitatem.
1419 1413 1470 1441 Sed
1502 1416 1616 1446 constat,
1645 1412 1823 1449 capacitatem

987 1460 1063 1488 illam
1086 1468 1138 1488 non
1162 1467 1221 1488 esse
1243 1467 1359 1488 vacuam
1391 1464 1526 1496 quantum
1558 1460 1592 1488 ad
1624 1459 1744 1496 aliquem
1765 1466 1824 1495 gra-

985 1507 1066 1541 dum,
1088 1506 1209 1543 alioquin
1232 1514 1282 1534 nee
1304 1506 1427 1534 mundus
1447 1506 1587 1542 perfectus
1601 1509 1687 1535 esset.
1702 1513 1752 1534 nec
1766 1505 1825 1533 uni-

985 1561 1098 1582 versum
1122 1554 1273 1590 perfectum
1297 1553 1350 1581 dici
1382 1557 1487 1589 posset:
1521 1560 1587 1589 ergo
1619 1560 1666 1581 nec
1689 1552 1739 1580 iste
1760 1552 1823 1588 plus

985 1608 1101 1636 capere.
1122 1608 1173 1628 nee
1196 1599 1267 1628 alius
1288 1600 1415 1636 rapacior
1439 1600 1525 1636 potuit
1548 1599 1615 1627 fieri.

1064 1647 1089 1675 3.
1113 1647 1193 1681 item,
1215 1647 1331 1675 materia
1352 1647 1442 1683 prima
1457 1650 1497 1674 est
1512 1648 1603 1674 ereata
1624 1646 1650 1673 in
1666 1645 1823 1673 omnimoda

988 1693 1169 1730 possibilitate
1191 1696 1217 1721 et
1238 1693 1265 1720 in
1287 1692 1408 1729 perfecta
1428 1693 1584 1721 obedientia
1606 1695 1733 1729 respectu
1747 1692 1825 1720 Crea-

986 1740 1054 1768 toris
1067 1740 1091 1767 ⁴:
1114 1748 1180 1776 ergo
1201 1740 1223 1768 si
1246 1739 1383 1776 capacitas
1404 1740 1492 1776 ipsius
1512 1740 1644 1767 materiae
1672 1739 1824 1767 attenditur

988 1787 1141 1815 secundum
1158 1794 1236 1814 suam
1252 1785 1461 1822 possibilitatem
1477 1789 1504 1814 et
1521 1786 1718 1813 obedientiam.
1740 1793 1823 1822 quam

989 1833 1085 1860 habuit
1106 1833 1140 1860 ad
1162 1832 1266 1866 Deum,
1289 1835 1315 1859 et
1336 1832 1363 1860 in
1392 1839 1500 1860 summa
1530 1831 1708 1868 possibilitate
1740 1835 1763 1859 et
1797 1831 1823 1859 in

988 1887 1099 1907 summa
1121 1878 1274 1907 obedientia
1290 1883 1330 1907 est
1349 1882 1450 1909 creata„
1465 1886 1531 1915 ergo
1546 1878 1668 1906 mundus
1688 1881 1823 1915 quantum

987 1926 1022 1954 ad
1045 1925 1225 1962 capacitatem
1247 1933 1299 1952 11011
1321 1925 1410 1961 potuit
1426 1924 1484 1953 fieri
1500 1924 1605 1953 melior.
1622 1925 1647 1952 Si
1663 1932 1728 1961 ergo
1749 1924 1824 1953 dedit

988 1972 1061 2000 Deus
1099 1971 1257 2008 unicuique,
1278 1973 1412 2008 quantum
1439 1979 1527 2007 capax
1559 1974 1629 1999 erat.
1661 1979 1726 2007 ergo
1749 1971 1824 1999 nullo

988 2019 1070 2047 modo
1092 2018 1180 2054 potuit
1202 2018 1260 2046 fieri
1283 2018 1387 2046 melior.

1067 2065 1092 2093 [1.
1115 2064 1194 2098 item,
1226 2068 1484 2101 quantumcumque
1516 2067 1643 2092 ereatura
1669 2063 1716 2092 fiat
1737 2064 1822 2092 bona.

988 2119 1099 2140 necesse
1121 2115 1162 2140 est
1177 2119 1236 2140 esse
1251 2111 1371 2139 finitam:
1393 2118 1459 2148 ergo
1480 2118 1592 2139 neeesse
1616 2114 1657 2139 est
1675 2111 1823 2148 aliquando

988 2166 1090 2195 ponere
1111 2161 1226 2191 statum.
1248 2158 1285 2186 ita
1306 2158 1380 2194 quod
1403 2161 1531 2186 creatura
1545 2157 1622 2185 nullo
1643 2158 1725 2186 modo
1740 2158 1825 2194 possit

988 2205 1048 2233 sieri
1071 2204 1179 2238 melior,
1202 2204 1228 2232 in
1250 2204 1327 2232 nullo
1358 2203 1517 2240 derogando
1542 2204 1651 2232 (livinae
1672 2204 1823 2240 potentiae:

988 2252 1036 2280 sed
1058 2260 1112 2288 qua
1135 2251 1240 2279 ratione
1272 2253 1361 2279 statur
1392 2250 1418 2278 in
1440 2250 1533 2287 aliqua
1554 2251 1643 2287 specie
1664 2253 1824 2284 creaturae,

958 2298 960 2316 ³
988 2301 1080 2326 statur
1103 2298 1129 2325 in
1152 2305 1283 2334 suprema
1304 2297 1394 2333 specie
1409 2300 1554 2325 creaturae
1569 2297 1733 2333 spiritualis:
1750 2297 1825 2325 nulla

988 2345 1072 2381 igitur
1095 2348 1222 2373 creatura
1247 2344 1287 2371 vel
1310 2344 1415 2380 species
1436 2346 1526 2380 potest
1545 2343 1591 2371 illa
1614 2344 1672 2372 lieri
1698 2344 1824 2372 nobilior.

989 2392 1019 2420 Et
1047 2391 1092 2420 «si
1125 2391 1258 2427 optimum
1291 2391 1317 2418 111
1349 2398 1449 2427 genere
1480 2394 1521 2419 est
1552 2391 1651 2419 melius
1672 2391 1776 2427 optimo
1797 2391 1824 2418 in

989 2439 1060 2472 alio,
1088 2442 1114 2466 et
1146 2437 1306 2474 simpliciter
1339 2437 1389 2465 boo
1420 2436 1467 2464 illo
1499 2437 1656 2469 melius⁵»‚
1687 2445 1770 2473 ergo,
1802 2437 1824 2465 si

990 2485 1128 2521 optimum
1153 2484 1178 2511 in
1199 2483 1331 2511 universo
1352 2486 1393 2511 est
1412 2483 1547 2520 optimum
1568 2484 1657 2511 omnis
1672 2487 1824 2515 creaturae„

1053 2651 1061 2665 ¹¹
1077 2652 1129 2673 Sive
1147 2652 1168 2672 in
1187 2652 1285 2678 perlecta
1303 2651 1402 2678 potentia
1420 2653 1466 2671 tum
1492 2651 1583 2677 passiva
1609 2652 1656 2672 turn
1681 2649 1823 2672 obedientiali

992 2690 1058 2711 relate
1076 2690 1104 2711 acl
1121 2689 1257 2712 Creatorem.
1275 2700 1306 2704 —
1323 2689 1391 2711 Paulo
1412 2689 1505 2711 inferius
1522 2695 1564 2716 pro
1589 2694 1634 2710 mou
1659 2688 1733 2716 potuit
1749 2688 1784 2709 ed.
1805 2688 1824 2709 l.

991 2734 1032 2751 uec
1048 2728 1129 2758 potuit.

1052 2767 1061 2781 ⁵
1079 2768 1182 2794 Ariston,
1202 2767 1232 2788 lil.
1251 2767 1330 2794 Topic.
1348 2773 1366 2789 c.
1386 2768 1410 2795 2,
1437 2767 1464 2789 de
1489 2766 1662 2794 eligibilmribus
1686 2772 1756 2794 agens
1781 2767 1825 2787 ait:

995 2815 1005 2827 α
1018 2807 1120 2834 Amplius
1137 2807 1155 2828 si
1173 2807 1215 2828 boc
1232 2806 1363 2833 simpliciter
1375 2806 1411 2827 illo
1425 2806 1517 2833 melius,
1530 2806 1597 2828 ctiam
1609 2806 1702 2827 omnino
1713 2806 1824 2832 optimum

991 2851 1072 2867 eorum
1090 2851 1148 2873 qua(¹
1165 2845 1187 2866 in
1205 2845 1260 2872 hocy
1278 2845 1360 2866 melius
1376 2851 1404 2866 eo
1421 2844 1484 2873 quod
1501 2845 1522 2866 in
1540 2845 1609 2870 altero
1627 2845 1739 2872 optimum
1750 2851 1754 2871 ς
1767 2847 1791 2866 ut
1807 2845 1825 2866 si

992 2884 1071 2905 melior
1088 2886 1122 2905 est
1139 2884 1207 2905 bomo
1225 2889 1293 2911 quam
1317 2889 1401 2911 equus,
1427 2884 1495 2905 etiam
1521 2883 1621 2910 optimus
1646 2884 1714 2905 homo
1739 2883 1826 2910 optimo

991 2928 1051 2949 equo
1068 2921 1155 2943 melior.
1173 2921 1197 2943 Et
1215 2921 1232 2942 si
1250 2922 1361 2948 optimum
1379 2922 1466 2949 optimo
1492 2922 1582 2945 melius.
1605 2922 1670 2943 etiam
1696 2922 1827 2948 simpliciter
