2215 3404
680 174 763 202 DIST.
786 173 897 201 XXXIII.
919 173 991 200 ΛΒΤ.
1014 172 1129 201 UNICUS
1151 172 1286 208 QUAEST.
1308 173 1325 200 Ι.

1816 173 1869 200 571

777 331 962 360 TRACTATIO
987 331 1229 368 QUAESTIONUM.

184 479 222 507 Ad
245 478 454 514 intelligentiam
476 478 630 514 praesentis
652 477 836 506 distinctionis
856 479 977 513 quatuor

135 527 318 562 quaeruntur.
794 531 797 533 ·

184 571 275 599 Primo
295 571 442 608 quaeritur
463 571 497 599 de
519 571 724 607 comparatione
745 570 924 608 proprietatis
942 569 977 598 ad

135 625 292 655 personam.

1074 474 1209 508 Secundo,
1222 474 1256 502 de
1268 475 1473 511 comparatione
1485 474 1662 511 proprietatis
1674 474 1709 502 ad
1720 473 1877 502 essentiam.

1074 521 1175 555 Tertio,
1190 521 1224 549 de
1239 521 1445 557 comparatione
1456 521 1540 549 unius
1551 520 1729 557 proprietatiS
1739 520 1774 548 ad
1786 520 1878 548 aliam.

1075 568 1188 604 Quarto.
1209 567 1243 595 de
1265 567 1470 603 comparatione
1495 567 1620 595 eiusdem
1642 567 1820 603 proprietatiS
1843 566 1879 595 ad

1036 623 1064 643 se
1086 615 1183 651 ipsam.

794 782 1027 816 ARTICULUS
1053 782 1214 816 UNICUS.

661 911 701 940 De
723 911 847 940 diversis
868 910 1139 949 comparationibus
1157 911 1357 948 proprietatis.

907 1079 1069 1116 Qusesrlo
1090 1080 1108 1107 l.

759 1201 863 1230 Heriem
881 1201 1050 1238 proprietas
1071 1201 1109 1229 sit
1127 1209 1264 1237 persona.

217 1371 358 1406 Quantum
380 1377 446 1405 ergo
467 1368 502 1396 ad
534 1368 657 1405 primum
679 1368 825 1404 quaeritur
846 1368 881 1397 de
911 1375 983 1396 com-

139 1416 281 1454 paratione
312 1415 490 1453 proprietatis
521 1415 556 1443 ad
574 1423 742 1452 personam.
775 1415 805 1443 Et
827 1414 982 1452 quaeritur,

138 1468 236 1492 utrum
257 1463 413 1500 proprietas
434 1463 468 1491 sit
489 1470 616 1499 persona.
646 1463 677 1491 Et
702 1463 776 1499 quod
799 1470 873 1496 non,
895 1465 983 1491 osten-

139 1510 216 1539 ditur
235 1510 288 1539 hoo
309 1509 400 1538 modo.

220 1557 244 1584 1.
260 1556 433 1593 Ubicumque
454 1559 496 1584 est
517 1563 582 1584 vere
604 1555 793 1584 determinans
815 1559 841 1584 et
856 1555 984 1584 determi-

14 1614 42 1633 Ad
54 1614 128 1638 oppos.
140 1607 237 1631 natum
259 1603 413 1631 seeundum
436 1602 557 1636 re1n,ibi
577 1602 767 1631 determinans
788 1602 882 1631 differt
902 1610 918 1630 a
940 1602 984 1630 de-

47 1639 92 1655 lum.

140 1649 287 1678 termInato
301 1666 340 1668 —
353 1657 418 1677 nam
433 1649 455 1678 si
470 1657 525 1677 non
540 1649 641 1683 differt,
657 1657 710 1677 non
733 1652 774 1678 est
795 1648 984 1678 determinans

140 1703 222 1730 vere,
244 1696 293 1724 sed
317 1698 407 1724 totum
432 1698 473 1724 est
492 1695 708 1724 determinatum
730 1713 768 1716 —
790 1696 838 1724 sed
855 1703 984 1732 persona

140 1743 169 1771 in
190 1742 291 1771 divinis
312 1745 353 1771 est
367 1750 433 1771 vere
448 1742 675 1776 determinatum,
697 1744 724 1770 et
734 1742 904 1779 proprietas
918 1749 985 1770 vere

141 1789 345 1823 determinans,
366 1789 432 1826 quia
451 1789 608 1825 proprietas
623 1796 689 1817 vere
704 1791 731 1817 et
751 1797 806 1817 non
829 1788 984 1817 seeundum

142 1836 256 1864 modum
288 1836 398 1864 dicendi
427 1835 519 1864 solum
550 1835 696 1872 distinguit
726 1843 890 1872 personam:
919 1842 985 1871 ergo

141 1883 297 1920 proprietas
328 1883 421 1911 differt
452 1891 467 1911 a
498 1891 626 1920 persona.
659 1883 712 1912 Sed
744 1882 900 1911 differentia
933 1890 985 1910 non

141 1930 320 1968 praedicatur
342 1930 376 1958 de
397 1938 427 1958 se
447 1930 475 1958 in
507 1930 726 1959 abstractione¹t
753 1938 819 1967 ergo
850 1938 901 1958 nee
926 1937 988 1966 pro-

141 1977 245 2014 prietas
266 1977 301 2005 de
321 1984 453 2013 persona,
476 1976 519 2005 vel
541 1984 556 2005 e
577 1984 720 2005 converso.

221 2025 246 2052 Ξ.
262 2023 338 2057 Item,
354 2023 525 2060 ubicumque
541 2027 582 2052 est
604 2031 669 2052 vere
690 2023 862 2051 abstractum
884 2026 911 2051 et
926 2031 988 2051 ron-

142 2072 266 2104 eretum,
288 2069 325 2098 ibi
354 2069 447 2098 differt
477 2069 552 2106 quod
573 2069 747 2098 abstrahitur
768 2069 804 2097 ab
824 2077 872 2103 e0‚
894 2077 909 2097 a
932 2076 987 2105 quo

142 2117 315 2146 abstrahitur
329 2117 352 2151 ²3
373 2117 421 2145 sed
449 2116 606 2153 proprietas
637 2116 809 2153 significatur
830 2117 857 2144 in
879 2123 988 2144 concre-

142 2164 216 2192 tione
236 2164 271 2192 ad
296 2170 453 2200 personam,
475 2171 538 2191 eum
555 2163 656 2191 dicitur
672 2163 772 2196 Pater,
794 2164 821 2190 et
842 2162 869 2190 in
884 2162 989 2190 abstra-

144 2211 242 2245 ctione,
274 2218 338 2239 oum
371 2210 473 2238 dicitur
492 2210 669 2246 paternitas,
692 2213 719 2238 et
739 2217 794 2237 non
815 2211 924 2237 tantum
946 2212 987 2237 est
1016 2238 1017 2249 ἵ

144 2257 300 2286 differentia
328 2257 355 2285 in
386 2257 469 2286 modo
501 2257 648 2294 loquendi,
670 2256 735 2293 quia
756 2256 862 2293 aliquid
885 2256 987 2285 dicitur

145 2304 179 2332 de
200 2304 293 2338 Patre,
315 2303 390 2340 quod
412 2311 466 2331 non
495 2303 529 2331 de
560 2303 740 2340 paternitate:
764 2310 830 2339 ergo
852 2310 918 2331 vere
940 2303 989 2331 dif-

144 2351 198 2379 fert
218 2351 370 2387 paternitas
391 2358 407 2378 a
428 2358 554 2386 persona.
576 2350 628 2379 Sed
651 2350 724 2387 quod
748 2358 814 2379 vere
840 2350 932 2378 differt
954 2351 988 2378 ab
1017 2357 1018 2364 ¹

145 2397 199 2425 alio
213 2405 268 2425 non
283 2397 461 2434 praedicatur
483 2396 517 2425 de
538 2404 571 2425 eo
592 2397 619 2424 in
635 2396 834 2425 abstractione:
851 2405 916 2433 ergo
938 2400 988 2425 eto.

213 2705 218 2718 1
238 2705 274 2726 Sic
291 2710 335 2726 non
353 2704 448 2726 dicitur:
466 2704 575 2726 rationale
591 2707 626 2726 est
642 2705 787 2726 rationalitas.
806 2704 853 2726 Hoc
870 2711 991 2732 argumen-

149 2746 198 2766 tum
223 2743 281 2766 Gill).
308 2744 391 2766 l‘orret.
418 2744 545 2765 insinuatur
570 2743 606 2765 hic
623 2744 644 2764 in
667 2744 697 2765 lit.
716 2743 830 2771 Magistri,
849 2750 867 2765 c.
890 2744 906 2766 1.
933 2745 991 2766 eirca

149 2783 260 2805 medium.

214 2821 222 2834 ‘³
238 2821 271 2843 De
287 2827 333 2849 quo
350 2820 405 2843 vide
422 2827 492 2848 supra
510 2820 532 2842 d.
551 2820 587 2842 27.
606 2827 628 2848 p.
648 2821 660 2842 l.
679 2828 700 2849 (1.
720 2821 740 2843 3.

241 2859 297 2881 Vide
315 2866 383 2887 supra
398 2859 420 2881 d.
434 2860 454 2881 3.
468 2866 490 2887 p.
509 2859 531 2881 ll.
544 2866 563 2881 a.
582 2860 598 2881 1.
611 2866 632 2887 q.
652 2860 672 2881 3.
685 2860 714 2881 ad
728 2859 748 2882 4..
762 2872 793 2876 ——
805 2860 853 2882 Mox
866 2865 917 2888 post
928 2860 992 2883 abso-

152 2897 202 2920 lata
219 2897 285 2919 codd.
303 2897 382 2919 leb
400 2904 452 2919 rum
470 2897 505 2919 ed.
528 2898 532 2919 1
554 2897 678 2919 subiiciiint
700 2899 727 2920 et.
752 2899 873 2927 Aliquanto
899 2899 993 2921 inferius

151 2935 201 2958 eod.
220 2936 238 2958 T
256 2936 336 2958 omittit
353 2936 425 2958 verbu
444 2942 513 2958 verns
530 2937 648 2965 respectas
665 2936 719 2959 sire.

1038 1376 1159 1405 <eumque
1180 1376 1209 1396 se
1235 1368 1294 1405 ipso
1317 1368 1454 1396 reseratur
1469 1385 1507 1388 —
1522 1369 1597 1397 unde
1619 1369 1747 1405 quamvis
1768 1370 1884 1398 materia

1039 1423 1068 1443 se
1083 1415 1142 1451 ipsa
1163 1415 1301 1444 referatur
1315 1415 1350 1443 ad
1366 1415 1497 1450 formam,
1520 1419 1611 1444 tamen
1633 1419 1743 1444 nonest
1764 1416 1822 1453 ipse
1844 1423 1885 1444 re-

1010 1492 1012 1510 }
1039 1467 1151 1499 spectus
1178 1462 1214 1490 ad
1246 1462 1364 1490 formam
1378 1462 1387 1474 ³
1409 1480 1448 1483 —
1468 1470 1534 1499 ergo
1565 1470 1629 1490 euin
1653 1462 1678 1490 in
1701 1462 1802 1491 divinis
1824 1470 1884 1499 per-

1040 1517 1106 1537 sona
1127 1516 1193 1537 vere
1215 1509 1250 1537 sit
1272 1508 1426 1537 substantia
1447 1509 1590 1542 absoluta7
1623 1509 1721 1537 relatio
1743 1509 1777 1537 sit
1799 1516 1883 1537 verus

1040 1558 1198 1592 respectus,
1229 1559 1490 1592 quantumcumque
1521 1563 1550 1584 se
1572 1556 1632 1593 ipsa
1664 1556 1802 1584 referatur
1824 1563 1885 1592 per-

1040 1610 1122 1636 sona,
1144 1610 1198 1630 non
1220 1605 1261 1630 est
1282 1610 1367 1630 verus
1388 1605 1534 1639 respectus
1556 1602 1615 1631 sive
1636 1602 1695 1639 ipse
1723 1605 1884 1639 respectus,

1041 1656 1090 1677 nec
1112 1656 1127 1677 e
1148 1656 1296 1677 converso:
1329 1656 1396 1686 ergo
1415 1649 1584 1686 &proprietas
1606 1657 1659 1677 non
1681 1652 1722 1677 est
1745 1650 1804 1686 ipsa
1825 1657 1886 1686 per-

1041 1704 1116 1724 sona.

1122 1743 1161 1771 Ex
1183 1743 1227 1771 his
1248 1743 1339 1772 tribus
1360 1743 1599 1780 suppositionibus
1625 1743 1762 1780 arguebat
1793 1744 1886 1772 Porre-

1043 1793 1139 1823 tanus‚
1161 1789 1235 1826 quod
1258 1797 1376 1826 persona
1398 1798 1452 1818 non
1468 1792 1509 1818 est
1524 1790 1695 1827 proprietas,
1717 1798 1768 1819 neo
1789 1798 1803 1818 e
1826 1798 1887 1818 con—

1044 1843 1131 1864 verso.
1165 1836 1195 1864 Et
1227 1836 1292 1872 quia.
1323 1843 1405 1864 omne
1437 1836 1512 1872 quod
1543 1839 1585 1864 est
1617 1836 1644 1864 in
1680 1844 1814 1872 persona,
1845 1840 1886 1865 est

1042 1890 1161 1918 persona
1182 1885 1297 1919 propter
1327 1890 1467 1911 summam
1499 1882 1718 1919 simplieitatem,
1750 1883 1887 1919 arguebat

1042 1928 1177 1962 ulterius,
1193 1929 1267 1965 quod
1282 1929 1466 1965 proprietates
1488 1937 1541 1957 uon
1564 1932 1628 1957 sunt
1644 1929 1669 1957 in
1686 1929 1821 1965 person1s‚
1837 1929 1885 1957 sed

1043 1975 1184 2003 assistunt.

1122 2023 1148 2050 [ι.
1172 2022 1202 2050 Et
1223 2022 1296 2058 quod
1321 2022 1373 2050 ista
1394 2022 1493 2059 positio
1515 2023 1550 2050 sit
1571 2023 1752 2058 conveniens,
1776 2023 1888 2051 videtur

1044 2069 1219 2097 itiietoritate
1234 2068 1338 2097 Boethii
1364 2069 1398 2097 de
1424 2069 1583 2097 Trinitate⁴.
1606 2069 1677 2098 Dicit
1697 2070 1786 2100 enim.
1812 2070 1887 2106 quod

1049 2115 1171 2144 «relatio
1192 2124 1247 2143 non
1270 2115 1294 2143 in
1318 2123 1350 2144 eo
1372 2115 1446 2152 quod
1469 2119 1510 2144 est
1539 2124 1598 2143 esse
1626 2116 1765 2150 consistit,
1789 2116 1837 2144 sed
1859 2116 1886 2144 in

1044 2162 1263 2199 eomparacioue
1271 2173 1283 2187 n
1292 2184 1298 2190 .

1123 2210 1148 2237 ὃ.
1171 2208 1251 2243 item,
1273 2209 1325 2237 hoc
1357 2209 1448 2245 ipsum
1481 2210 1637 2238 ostenditur
1669 2209 1799 2243 ratione,
1822 2209 1887 2246 quia

1044 2264 1125 2284 omne
1147 2256 1221 2292 quod
1243 2256 1356 2284 advenit
1377 2256 1459 2284 alicui
1482 2260 1509 2285 et
1531 2257 1634 2285 recedit
1655 2257 1714 2285 sine
1736 2257 1778 2285 sui
1801 2259 1888 2284 muta-

1045 2303 1133 2336 tione,
1155 2310 1208 2330 non
1231 2302 1373 2338 praedicat
1401 2302 1523 2340 aliquid,
1554 2303 1628 2340 quod
1651 2303 1685 2331 sit
1707 2304 1733 2331 in
1756 2303 1817 2337 illo,
1840 2303 1887 2331 sed

1045 2350 1136 2378 solum
1150 2349 1159 2361 ⁵
1181 2349 1326 2381 assistens;
1342 2350 1390 2378 sed
1405 2349 1502 2378 relatio
1523 2353 1564 2378 est
1579 2350 1753 2384 huiusmodi,
1769 2353 1799 2378 ut
1814 2353 1889 2387 patet

1017 2427 1018 2433 ¹
1047 2397 1072 2423 in
1095 2396 1195 2424 dextro
1217 2398 1244 2424 et
1272 2396 1398 2424 sinistro:
1428 2404 1494 2433 ergo
1515 2400 1566 2425 etc.
1589 2397 1656 2425 Cum
1680 2405 1745 2433 ergo
1768 2397 1890 2433 proprie-

225 2443 250 2471 3.
273 2443 355 2477 item,
377 2442 547 2479 ubicumque
569 2446 610 2471 est
631 2443 791 2471 absolutum
815 2445 841 2471 et
862 2443 990 2479 respecti-

146 2497 229 2524 vum,
251 2489 411 2518 absolutum
433 2497 487 2517 non
509 2492 550 2518 est
571 2489 630 2526 ipse
661 2492 821 2526 respectus,
843 2492 990 2526 quantum-
1018 2493 1019 2509 ³

1047 2446 1116 2471 tates
1137 2443 1191 2471 sint
1214 2442 1374 2476 relationes³
1398 2451 1450 2470 non
1473 2446 1538 2471 sunt
1559 2451 1694 2480 personae
1716 2451 1766 2471 nee
1789 2444 1813 2471 in
1829 2451 1890 2479 per-

1047 2490 1129 2524 sonis,
1152 2489 1199 2518 sed
1222 2489 1362 2517 assistunt.

1111 2704 1119 2718 ⁴
1137 2704 1190 2732 Cap.
1209 2704 1235 2726 ’3ῑ
1251 2704 1333 2732 «Quat¹
1351 2707 1394 2726 tota
1414 2710 1458 2725 non
1476 2705 1497 2725 in
1515 2710 1542 2726 eo
1560 2704 1623 2732 quod
1647 2707 1681 2726 cst
1702 2710 1752 2725 esse
1778 2704 1889 2731 consistit,

1048 2744 1089 2766 sod
1105 2745 1127 2765 in
1145 2750 1171 2765 co
1189 2743 1252 2772 qnod
1270 2747 1303 2766 est
1320 2744 1341 2764 in
1360 2744 1530 2770 comparatione
1548 2743 1624 2771 aliquo
1643 2743 1712 2765 modo
1729 2749 1753 2764 sc
1771 2743 1856 2765 habere
1869 2752 1889 2765 η.

1050 2782 1104 2804 lbid.
1122 2783 1249 2804 insinuatur
1266 2785 1288 2804 et
1304 2783 1407 2809 proxime
1425 2788 1523 2810 sequens
1541 2784 1715 2809 argumentum,
1733 2781 1762 2803 de
1779 2787 1825 2810 quo
1837 2782 1890 2804 vide

1049 2828 1117 2849 supra
1136 2827 1188 2849 pag.
1208 2820 1259 2849 453,
1277 2824 1327 2843 notu
1347 2821 1367 2843 3.
1386 2820 1429 2843 Cl'r.
1448 2822 1516 2843 etiam
1534 2820 1662 2843 Comment.
1680 2820 1737 2842 GIIIJ.
1762 2821 1846 2843 l'orret.
1869 2822 1890 2842 in

1050 2862 1109 2882 huuc
1127 2860 1209 2881 locum.
1226 2872 1258 2876 —
1275 2860 1325 2881 Sola
1344 2860 1393 2882 Vat.
1411 2861 1432 2881 in
1451 2861 1493 2881 hoc
1511 2862 1569 2882 textu
1589 2865 1709 2887 perperam
1727 2861 1808 2881 omittit
1821 2866 1874 2882 non⁴

1113 2899 1122 2913 5
1140 2899 1188 2920 Vnt.
1207 2904 1259 2920 vum
1277 2898 1327 2920 cod.
1346 2904 1371 2921 ce
1389 2898 1451 2920 addit
1467 2899 1507 2921 est.
