2215 3404
216 2032 264 2055 Qud
278 2031 326 2050 idea.

213 2265 326 2284 Notandum.

339 169 395 197 608

338 249 451 280 turam,
473 245 570 274 saltem
593 244 747 273 secundum
769 251 869 272 nomen
891 243 994 272 dehent
1015 242 1184 279 plurificari,

339 292 414 329 quod
435 295 529 320 tamen
550 291 652 319 falsum
674 293 723 319 est.

418 338 444 367 3.
466 338 546 371 Item,
568 337 591 366 si
606 337 684 366 ideae
707 339 772 365 sunt
792 336 905 373 plures,
927 343 980 363 non
1010 338 1124 372 propter
1153 334 1186 363 si-

339 385 516 422 gnificatum,
538 384 588 413 sed
610 387 725 421 propter
746 386 938 417 connotatum,
967 386 1033 411 tunc
1058 390 1184 419 quaero:

338 435 388 460 aut
419 434 597 460 connotatum
630 430 700 459 illud
728 434 770 459 est
800 433 973 463 aeternum,
1006 431 1054 457 aut
1084 432 1186 465 tempo-

339 478 418 507 rale:
440 478 463 506 si
484 482 653 510 aeternam,
669 484 735 513 ergo
751 476 871 508 videtur,
887 475 961 513 quod
977 476 1060 512 plura
1082 475 1136 503 sint
1150 474 1185 502 ab

339 528 465 559 aeterum
486 524 508 553 si
532 523 704 561 temporale,
726 531 793 559 ergo
815 520 940 555 videtur:
957 522 1032 559 quod
1055 521 1117 550 idea
1131 528 1185 549 non

339 572 449 600 dicatur
470 571 505 599 de
526 571 583 599 Deo
604 570 655 598 nisi
677 577 713 598 ex
737 573 874 606 tempore,
896 569 969 598 sicut
983 576 1033 597 nec
1049 568 1186 596 dominas

339 626 390 646 nec
411 621 527 646 ereator
549 617 682 645 dicuntur
703 616 754 644 nisi
777 624 813 645 ex
836 619 969 653 tempore.

418 665 444 693 [ι.
467 665 550 698 Item,
572 664 663 697 ideae,
687 663 709 692 si
732 665 797 691 sunt
818 663 916 700 plures
938 665 1056 699 propter
1078 661 1187 691 ideata.

339 714 388 740 aut
402 719 468 748 ergo
483 710 638 739 secundum
655 718 730 743 esse,
746 709 821 746 quod
838 709 941 738 liabent
956 709 1047 737 ideata
1070 708 1097 736 in
1114 708 1185 740 Deo,

339 761 388 786 aut
410 758 437 785 in
448 757 572 794 proprio
591 765 703 794 genere.
719 756 745 784 Si
767 759 881 793 propter
896 764 972 787 esse,
994 755 1069 792 quod
1084 754 1187 783 habent

340 805 367 834 in
392 805 463 838 Deo;
484 807 604 832 eontra:
626 803 653 831 in
675 803 731 832 Deo
753 806 817 832 sunt
839 811 941 837 unum,
956 810 1023 839 ergo
1037 801 1143 830 ratione
1158 801 1188 829 il-

340 851 395 880 lius
413 860 472 879 esse
494 859 548 879 non
569 853 687 887 possunt
708 850 762 878 dici
784 850 889 887 plures.
911 849 938 877 Si
967 852 1082 886 propter
1110 856 1186 881 esse,

340 899 415 936 quod
437 898 540 927 habent
562 898 589 926 in
607 897 731 934 proprio
757 905 879 934 9enere;
907 896 977 925 sed¹
1001 904 1055 924 non
1084 896 1187 924 habent

340 945 392 974 nisi
414 953 450 974 ex
473 948 610 982 tempore:
633 952 700 981 ergo
716 944 760 972 vel
776 943 853 972 ideae
868 951 922 971 non
939 946 1003 971 sunt
1018 942 1113 980 plures
1136 941 1185 970 nisi

340 1000 376 1021 ex
397 995 536 1028 tempore,
558 990 601 1019 vel
623 990 776 1026 temporale
798 993 839 1018 est
861 996 945 1018 causa
973 988 1095 1019 aeterni;
1123 996 1188 1025 quo-

340 1046 405 1067 rum
427 1041 580 1075 utrumque
603 1040 644 1065 est
666 1036 871 1065 inconveniens.

420 1086 445 1113 5.
469 1085 553 1115 item,-
574 1084 635 1112 idea
656 1087 705 1112 aut
727 1083 794 1112 dicit
815 1082 942 1120 aliquid,
971 1085 1022 1111 aut
1048 1080 1138 1109 m‘ltz‘l:
1165 1081 1186 1109 si

340 1132 430 1166 nihil,
452 1140 518 1168 ergo
541 1139 590 1159 nec
612 1131 801 1167 pluralitatem
825 1130 908 1158 habet
929 1137 979 1158 nee
1002 1129 1149 1157 unitatem:
1166 1129 1187 1157 si

340 1179 455 1217 aliquid
470 1178 551 1212 dicit,
573 1185 640 1214 ergo
662 1177 683 1206 si
699 1180 764 1205 sunt
785 1177 882 1213 plures
904 1176 997 1209 ideae„
1014 1179 1079 1204 sunt
1092 1176 1188 1213 plnres

341 1235 398 1256 res:
421 1235 487 1263 ergo
509 1227 531 1255 si
553 1226 650 1263 plures
682 1225 760 1254 ideae
783 1229 848 1254 sunt
874 1224 909 1253 ab
936 1228 1064 1258 aeterno,
1093 1225 1189 1262 plures

340 1282 386 1303 res
407 1277 472 1302 sunt
493 1273 528 1301 ab
550 1277 678 1305 301910ος
702 1272 751 1301 sed
773 1280 827 1300 non
850 1271 946 1309 plures
968 1279 1013 1300 res
1039 1272 1186 1308 personali-

340 1323 391 1354 ter,
413 1320 479 1357 quia
501 1320 562 1348 idea
584 1327 637 1347 non
661 1319 727 1347 dicit
748 1319 816 1356 quid
838 1318 995 1355 personale:
1011 1326 1077 1355 ergo
1092 1319 1189 1356 plures

340 1367 534 1396 essentialiter.

661 1483 872 1504 CONCLUSIO.

342 1586 425 1614 [deae
448 1585 477 1613 in
500 1585 556 1613 Deo
570 1590 640 1612 sitiit
656 1593 747 1612 anam
761 1584 922 1612 seeanclwn
938 1592 1009 1617 rem,
1024 1584 1075 1612 secl
1086 1584 1188 1621 plures

498 1631 659 1659 secandam
682 1631 826 1659 rationem
845 1630 1029 1668 inlelliyemli.

421 1739 593 1767 Ruspoxnno:
612 1739 775 1773 Dicendum,
788 1739 872 1776 quod,
888 1739 960 1768 sicut
974 1742 1049 1776 patet
1064 1747 1099 1767 ex
1112 1747 1188 1776 prae-

341 1786 421 1815 dictis
442 1786 617 1815 distinctione
640 1786 782 1823 trigesima
795 1785 814 1820 2,
827 1786 956 1823 quamvis
971 1786 998 1814 in
1021 1786 1077 1815 Deo
1092 1786 1187 1815 nullus

341 1834 375 1862 sit
397 1836 540 1870 respectus
562 1833 597 1861 ad
619 1836 777 1861 creaturam
800 1841 816 1861 a
837 1836 916 1870 parte
938 1833 993 1867 rei,
1016 1836 1108 1862 tamen
1128 1842 1189 1862 con-

341 1880 429 1917 tingit,
442 1880 530 1917 ipsam
547 1880 696 1908 essentiam
711 1879 862 1916 significari
877 1880 904 1908 in
921 1884 1049 1917 respectu
1065 1880 1100 1909 ad
1116 1888 1189 1909 crea-

341 1930 433 1955 turam
460 1936 509 1964 per
539 1927 627 1955 multa
648 1927 768 1955 nomina.
799 1927 852 1956 Nec
882 1930 974 1955 tamen
1003 1936 1104 1956 nomen
1130 1928 1187 1957 sive

341 1975 533 2003 vocabuluin³
560 1977 601 2003 est
627 1982 739 2002 vanum.
769 1974 983 2011 Intelligendum
1013 1975 1097 2012 igitur
1129 1978 1187 2004 est.

342 2022 416 2059 quod
439 2022 490 2051 hoc
513 2029 614 2050 nomen
637 2021 703 2049 idea
725 2021 862 2058 significat
891 2021 1014 2049 divinam
1040 2022 1187 2050 essentiam

341 2069 369 2097 in
390 2069 595 2105 comparatione
617 2068 718 2097 sivein
740 2071 869 2105 respectu
885 2068 920 2096 ad
936 2071 1104 2097 creaturam.
1127 2069 1185 2098 [dea

341 2116 414 2144 enim
436 2119 478 2144 est
499 2115 653 2144 similitudo
676 2115 715 2143 rei
745 2115 882 2151 cognitae,
911 2124 982 2152 quae
1008 2116 1136 2153 quamvis
1162 2117 1187 2144 in

341 2162 398 2191 Deo
420 2162 474 2190 sit⁴
496 2162 673 2196 ahsolutum,
695 2166 786 2190 tamen
809 2162 965 2191 seeundum
982 2163 1096 2191 modum
1113 2163 1190 2191 intel-

341 2256 491 2293 eognitum.
515 2256 545 2284 Et
567 2256 695 2293 quamvis
718 2256 763 2284 ille
786 2259 930 2293 respectus
951 2257 1106 2285 secundnm
1129 2265 1188 2285 rem

342 2303 405 2340 plus
427 2310 456 2331 se
478 2306 568 2331 teneat
591 2311 626 2331 ex
649 2306 727 2339 parte
749 2303 952 2339 cognoscentis,
974 2304 1039 2340 quia
1061 2307 1102 2332 est
1130 2303 1189 2340 ipse

340 2350 429 2384 Deus„
452 2353 544 2378 tamen
566 2350 721 2378 secundum
753 2349 906 2378 rationem5
928 2350 1097 2386 intelligendi
1131 2351 1188 2379 sive

341 2397 449 2426 dicendi
473 2397 627 2425 similitudo
648 2397 712 2434 plus
734 2405 762 2425 sc
784 2400 859 2425 tenet
880 2404 917 2425 ex
938 2400 1017 2433 parte
1031 2397 1140 2434 cogniti.
1159 2398 1186 2425 Et

341 2443 472 2480 quoniam
489 2450 657 2479 cognoscens
672 2446 714 2471 est
727 2451 826 2477 0111101,
841 2446 868 2471 et
883 2444 992 2480 cognita
1007 2446 1072 2472 sunt
1086 2443 1187 2471 multa:

1025 164 1276 193 SENTENTLARUM
1298 164 1356 192 LIB.
1380 164 1397 192 1.

2196 223 2202 234 0

1241 241 1304 270 ideo
1324 249 1421 270 omnes
1437 241 1514 270 ideae
1536 242 1562 270 in
1585 241 1640 270 Deo
1655 244 1721 270 sunt
1742 249 1829 270 unum
1845 241 1999 270 secundum
2016 251 2084 278 rem3
2098 248 2199 270 cont-iusto.

1242 288 1290 317 sed
1320 291 1411 316 tamen
1438 288 1535 325 plures
1560 288 1715 317 secundum
1747 288 1881 317 rationem
1915 288 2084 326 intelligendi

1242 335 1300 364 sive
1322 335 1440 364 dicendi.
1463 335 1539 364 Unde
1561 335 1770 364 concedendum
1792 339 1834 364 est
1844 335 1861 370 ⁵,
1883 344 1979 365 omnes
2007 336 2087 365 ratio-

1242 389 1291 410 nes
1313 382 1340 410 in
1361 381 1417 410 Deo
1439 389 1499 410 esse
1521 390 1609 410 unuin
1631 381 1715 418 quid,
1736 382 1786 410 sed
1812 390 1866 410 non
1887 390 1972 410 unam
1995 383 2086 412 ideam

1242 428 1300 457 sive
1322 428 1471 463 rationem,
1493 428 1542 457 sed
1565 428 1670 465 plures.

1324 476 1347 502 1.
1371 475 1408 503 Ad
1431 475 1501 503 illud
1522 483 1589 512 ergo
1610 475 1685 512 quod
1706 475 1844 509 obiicitur⁷
1873 476 1948 513 quod
1975 476 2018 505 isti
2047 484 2089 505 ra-
2112 481 2199 501 Solutim

2101 505 2204 528 positorum*

1243 521 1308 550 tioni
1330 521 1400 549 nihil
1421 521 1517 550 subest
1537 529 1573 550 ex
1595 525 1673 558 parte
1694 522 1748 556 rei;
1769 522 1932 557 dicendum,
1951 523 2026 560 quod
2041 523 2088 551 fal-

1243 576 1305 597 sum
1328 571 1378 602 est,
1401 568 1467 604 quia
1489 568 1647 605 respectni⁷
1662 569 1757 598 subest
1778 578 1814 597 ox
1836 573 1914 606 parte
1936 570 1982 598 Dei
1999 577 2088 599 essen-

1243 615 1296 648 tia,
1316 623 1370 643 non
1392 618 1548 651 respectns;
1570 622 1606 643 ex
1629 618 1707 652 parte
1729 623 1796 644 vero
1818 619 1963 645 creaturae
1991 616 2088 645 subest

1244 670 1327 691 verus
1350 664 1505 698 respectus,
1531 665 1558 690 et
1583 662 1645 690 ideo
1674 665 1818 699 respectus
1840 662 1885 691 ille
1917 662 2087 700 significatus

1243 717 1297 737 non
1319 709 1425 737 inducit
1446 709 1602 737 falsitatem.
1633 709 1675 737 Sic
1707 709 1859 746 pluralitati
1894 713 2087 747 respectuum,

1243 755 1372 792 quamvis
1393 763 1448 783 non
1470 755 1560 783 subsit
1579 755 1728 792 pluralitas
1749 763 1784 784 ex
1807 758 1886 792 parte
1909 755 1971 784 Dei.
1993 756 2089 785 subest

1243 806 1335 831 tamen
1357 810 1393 831 ex
1415 805 1493 839 parte
1515 805 1743 837 connotatoruin3
1770 803 1845 832 unde
1872 806 2015 840 respectus
2041 804 2087 833 ille

1244 850 1282 878 sic
1304 849 1479 887 plurificatus
1501 857 1554 877 non
1578 849 1660 878 habet
1683 849 1830 878 falsitatem
1853 858 1903 879 nec
1929 850 2088 879 vanitatem.

1323 897 1349 923 ἓ.
1371 895 1409 924 Ad
1430 895 1500 924 1111111
1515 896 1590 932 quod
1612 896 1750 930 obiicitur,
1772 896 1847 933 quod
1871 897 1988 925 verbum
2002 900 2029 925 et
2043 905 2090 926 ars

1244 942 1340 971 dicunt
1362 945 1536 979 respectum;
1558 942 1708 971 dicendum
1731 946 1781 977 est,
1803 943 1877 980 quod
1904 943 2018 978 dicunt,
2040 943 2088 973 sed
2136 935 2215 969 Di'ffessil

2099 971 2179 993 verbum,
2188 976 2197 989 a
2208 979 2215 990 i

1244 988 1324 1017 aliter
1346 996 1430 1025 quam
1460 988 1593 1017 idea'vel
1620 989 1715 1017 rati0⁸.
1742 989 1809 1017 Nam
1838 989 1904 1018 idea
1930 990 1988 1018 sive
2020 990 2211 1020 131101ᾱῡε,ῠιο,ι

1244 1035 1426 1072 cognoscendi
1448 1036 1511 1072 plus
1533 1044 1562 1065 se
1579 1039 1652 1065 tenet
1673 1036 1829 1065 secundum
1851 1036 1986 1066 rationem
2015 1037 2091 1066 intel-

1246 1082 1347 1118 ligendi
1363 1090 1399 1111 ex
1414 1086 1493 1119 parte
1515 1083 1625 1119 cogniti.
1647 1082 1815 1112 Similitudo
1830 1084 1917 1118 enim,
1932 1084 2087 1112 secundum

1245 1129 1319 1166 qnod
1342 1129 1513 1164 huiusmodi,
1536 1138 1590 1157 non
1612 1129 1679 1158 dicit
1701 1133 1859 1166 respectum
1881 1130 1916 1159 ad
1939 1131 1967 1159 id
1988 1131 2016 1159 in
2034 1139 2089 1168 quo

1245 1179 1298 1210 est,
1320 1176 1369 1205 sed
1391 1176 1471 1205 cuius
1492 1179 1550 1210 est;
1566 1176 1615 1205 sed
1629 1176 1750 1205 verbam
1772 1177 1835 1214 plus
1851 1185 1880 1206 se
1892 1179 1966 1206 tenet
1981 1185 1997 1206 a
2011 1180 2090 1215 parte

1245 1223 1377 1257 dicentis,
1399 1223 1526 1252 similiter
1547 1226 1575 1252 et
1596 1232 1649 1252 ars
1670 1226 1697 1252 et
1718 1223 1866 1260 exemplar
1885 1231 1921 1253 ex
1936 1226 2015 1261 parte
2030 1233 2091 1262 pra

1246 1270 1387 1299 ducentis:
1410 1273 1437 1298 et
1458 1270 1523 1307 quia
1544 1269 1634 1299 multa
1656 1274 1721 1299 sunt
1742 1271 1860 1307 cognita,
1882 1274 1909 1299 et
1934 1279 2023 1299 unum
2049 1280 2090 1301 co-

1245 1324 1395 1353 gnoscens⁷
1425 1316 1486 1345 ideo
1515 1317 1596 1345 icleae
1624 1319 1689 1345 sunt
1710 1317 1821 1354 plures,
1846 1321 1873 1346 et
1900 1326 1954 1346 ars
1982 1315 2090 1347 tan'tum

1244 1372 1308 1392 una.
1323 1380 1363 1384 —
1376 1363 1425 1392 Vel
1446 1363 1535 1398 aliter,
1557 1364 1636 1392 ratio
1658 1367 1685 1393 et
1713 1364 1779 1392 iclea
1806 1364 1903 1393 dicunt
1932 1367 2088 1401 respectum

1245 1411 1280 1440 ad
1303 1419 1347 1439 res
1370 1411 1396 1439 in
1412 1414 1549 1447 quantum
1571 1410 1716 1439 distinctae
1738 1413 1816 1445 sunt,
1838 1419 1891 1440 non
1914 1411 1953 1440 sic
1968 1411 2022 1440 alia
2047 1420 2091 1441 vo-

1245 1458 1353 1487 cabula.

1325 1505 1350 1534 3.
1373 1505 1411 1533 Ad
1434 1505 1505 1534 illud
1520 1505 1594 1542 quod
1610 1505 1749 1540 obiicitur,
1765 1505 1840 1542 quod
1856 1508 2002 1534 connotata
2016 1514 2071 1534 non
2082 1506 2091 1520 ⁰

1245 1555 1310 1580 sunt
1324 1551 1407 1588 plura
1422 1551 1457 1579 ab
1472 1554 1598 1585 aeterno3
1613 1551 1773 1585 dicendum,
1795 1552 1871 1588 quod
1889 1551 2035 1588 pluralitas
2050 1555 2089 1581 est

1246 1599 1272 1627 in
1295 1599 1364 1627 ideis
1385 1598 1491 1627 ratione
1512 1601 1734 1627 connotatoruni.
1757 1599 1810 1627 Sed
1825 1599 1860 1627 de
1881 1599 2035 1627 connotatis
2050 1602 2092 1628 est

1245 1646 1321 1683 loqui
1342 1645 1506 1682 dupliciter:
1528 1648 1577 1673 aut
1599 1645 1625 1673 in
1648 1649 1785 1682 quantum
1800 1649 1883 1679 stent,
1899 1648 1948 1674 aut
1964 1646 1991 1674 in
2007 1653 2092 1683 quan-

1246 1697 1305 1722 tuin
1327 1696 1392 1722 sunt
1413 1696 1577 1721 eoomotala.
1599 1693 1627 1720 In
1649 1695 1785 1730 quantum
1805 1696 1889 1727 savit,
1911 1693 1951 1721 sic
1973 1695 2038 1722 sunt
2053 1701 2094 1722 so-

1246 1740 1304 1769 lum
1320 1748 1355 1769 ex
1371 1743 1508 1776 tempore3
1525 1739 1551 1767 in
1567 1743 1704 1776 quantum
1719 1743 1813 1768 autem
1829 1742 2036 1773 eon-notantur,
2052 1739 2091 1769 516

1244 1790 1362 1825 possunt
1383 1787 1526 1815 connotari
1548 1789 1575 1815 et
1603 1786 1790 1815 aeternaliter
1819 1789 1846 1815 et
1872 1787 2091 1824 temporaliter:

1245 1833 1442 1867 aeternaliter,
1471 1833 1614 1870 quando¹⁰
1644 1836 1787 1870 respectus
1816 1833 1984 1870 importatur
2006 1836 2037 1862 ut
2065 1833 2092 1861 in

1246 1881 1359 1915 habitu,
1381 1881 1453 1909 sicut
1474 1888 1523 1917 per
1546 1880 1597 1909 1106
1619 1888 1721 1908 nomen
1733 1880 1963 1916 praedestinatio
1978 1880 2093 1910 —ideo

1245 1927 1462 1965 praedestinatio
1491 1931 1532 1956 est
1560 1930 1688 1961 aeterna⁷
1716 1928 1782 1965 quia
1807 1930 1937 1956 connotat
1964 1928 2092 1956 effectum

1246 1983 1300 2004 non
1332 1975 1359 2003 in
1388 1978 1468 2009 actu,
1498 1975 1546 2004 sed
1568 1975 1596 2003 in
1618 1975 1770 2003 113111111-
1785 1974 1982 2011 temporaliter
2013 1982 2093 2009 vero,

1245 2022 1357 2059 quando
1379 2024 1522 2059 respectus
1544 2022 1711 2059 importatur
1733 2022 1760 2050 in
1782 2025 1861 2056 30111,
1884 2021 1955 2050 sieut
1971 2029 2019 2058 per
2041 2022 2093 2050 1106

1246 2069 1365 2098 verbum
1387 2077 1496 2097 creare.
1513 2068 1649 2105 Quoniam
1665 2068 1750 2105 igitur
1766 2068 1804 2097 516
1819 2071 2003 2097 connotantur
2026 2070 2093 2096 tem-

1216 2139 1218 2143 ,
1244 2116 1366 2154 poralia,
1388 2119 1420 2144 ut
1440 2116 1536 2144 futura
1558 2118 1635 2149 51101,
1658 2118 1684 2144 et
1705 2115 1802 2143 futura
1823 2118 1888 2144 sunt
1909 2115 1998 2143 multa
2006 2126 2014 2149 3
2029 2115 2092 2144 ideo

1216 2189 1218 2191 ,
1246 2165 1430 2192 connotantur
1462 2165 1492 2191 01
1524 2162 1620 2190 100113.
1653 2162 1706 2190 Sed
1738 2164 1830 2190 tamen
1863 2162 1902 2190 516
1933 2164 2092 2196 0001101313,

341 2209 444 2246 ligendi
466 2209 531 2238 dicit
553 2212 713 2246 respectum
735 2209 860 2237 inedium
883 2209 955 2237 inter
970 2217 1140 2246 cognoscens
1161 2214 1187 2238 et
1216 2229 1218 2244 ,i

1245 2209 1374 2245 quamvis
1394 2209 1429 2237 ab
1450 2211 1564 2237 aeterno
1585 2208 1815 2242 connotentur¹¹‚
1837 2216 1890 2236 non
1914 2211 1979 2237 sunt
2000 2208 2036 2237 ab
2051 2216 2094 2237 ae-

1246 2260 1337 2290 terno„
1360 2256 1407 2284 sed
1424 2263 1460 2284 ex
1475 2258 1613 2292 tempore:
1636 2255 1673 2283 ita
1694 2255 1846 2284 multitudo
1867 2257 2092 2289 connotatorum,

1245 2302 1374 2340 quamvis
1395 2303 1430 2330 ab
1451 2305 1564 2331 aeterno
1586 2302 1704 2337 dicatur,
1719 2305 1812 2331 tamen
1827 2310 1880 2330 non
1896 2302 1973 2339 ponit
1988 2302 2092 2331 realem

1246 2349 1454 2378 multitudinem
1476 2349 1528 2377 nisi
1551 2357 1586 2378 ex
1608 2352 1743 2386 tempore.

1324 2397 1350 2424 lt.
1372 2396 1411 2424 Ad
1434 2396 1503 2425 illud
1525 2396 1600 2433 quod
1623 2396 1788 2433 quaeritur,
1814 2399 1911 2424 utrum
1937 2396 2092 2425 secundum

1245 2451 1304 2471 esse
1326 2444 1482 2472 ideatorum
1505 2443 1559 2472 sint
1581 2443 1658 2472 ideae
1680 2444 1792 2480 plures;
1823 2443 1989 2478 dicendum,
2018 2443 2093 2480 quod

406 2626 412 2640 ¹
431 2626 517 2654 Supple
535 2632 588 2648 cum
607 2626 674 2648 codd.
692 2626 707 2647 Z
726 2632 752 2648 aa
770 2625 802 2648 hl)
819 2628 841 2648 et
858 2626 893 2648 ed.
918 2626 922 2648 l
944 2625 994 2649 lior.

404 2666 413 2679 ‘³
431 2665 522 2693 Quaest.
541 2665 561 2687 3.
579 2677 610 2681 —-
627 2665 677 2687 Mox
702 2664 773 2687 vei-ba
798 2671 812 2687 u
835 2666 905 2694 parte
930 2665 965 2687 rei
980 2665 1041 2687 idom
1060 2665 1188 2693 significant

343 2703 405 2732 quod
424 2703 503 2726 realis.

406 2743 415 2757 ²³
433 2743 483 2765 Sola
502 2743 552 2765 Vat.
571 2743 618 2765 sic:
636 2743 684 2766 Nec
708 2744 785 2765 [1101101
812 2743 855 2766 1106
881 2749 964 2766 nomen
981 2743 1029 2766 slve
1048 2743 1189 2767 vocabulum

342 2782 398 2805 Idea
415 2783 450 2805 est
466 2788 561 2804 naiman.

406 2822 414 2836 ⁴
433 2822 483 2844 Sola
502 2822 551 2843 Yat.
571 2822 606 2843 liic
624 2821 686 2843 addit
704 2821 766 2851 quid.
786 2822 854 2844 Paulo
873 2824 923 2844 ante
942 2828 984 2850 pro
1006 2821 1059 2845 Idea
1077 2821 1140 2845 enim
1156 2823 1190 2845 est
1217 2838 1218 2846 1

344 2860 394 2883 cod.
413 2860 444 2883 bb
462 2866 515 2882 cum
533 2860 568 2882 cd.
593 2861 597 2882 l
619 2859 674 2882 Idea
691 2859 752 2882 enlm
770 2859 864 2883 [licitur.

407 2899 416 2913 5
433 2899 475 2921 Pro
492 2898 623 2921 secundam
640 2898 754 2921 rationem
775 2899 823 2921 Vnt.
842 2905 895 2921 cuni
913 2900 961 2921 solo
979 2899 1029 2925 cod.
1049 2905 1074 2921 cc
1091 2898 1189 2921 ratione.

407 2938 416 2952 '³
435 2938 483 2960 Vnt.
502 2944 624 2966 perperam
642 2937 802 2960 conceclemlae
819 2939 881 2960 sunl.

1308 2627 1317 2641 7
1335 2627 1357 2648 10
1375 2627 1425 2649 cod.
1444 2626 1461 2648 O
1480 2626 1592 2649 adtoxitur
1609 2626 1646 2649 rrel
1663 2625 1758 2649 rationi.

1307 2665 1316 2680 S
1334 2665 1405 2688 Codd.
1424 2666 1442 2687 V
1454 2666 1483 2688 W
1501 2665 1610 2688 adiiciunt
1627 2664 1790 2695 coqizoscendt‘.

1308 2704 1317 2718 ⁰
1335 2705 1443 2727 Particula
1462 2710 1508 2727 non
1527 2711 1649 2732 perperam
1667 2704 1731 2726 abest
1748 2711 1760 2726 n
1780 2704 1828 2726 Vat,
1842 2707 1863 2726 et
1876 2704 1927 2726 cod.
1940 2710 1972 2727 cc.
1987 2704 2093 2732 Proposi-

1246 2745 1276 2766 tio
1294 2746 1346 2771 post
1362 2744 1489 2766 eoniiolala
1502 2745 1522 2765 in
1542 2743 1592 2765 cod.
1611 2743 1630 2765 V
1648 2744 1681 2765 sic
1698 2744 1788 2771 incipit:
1808 2742 1835 2765 Sl
1850 2743 1875 2766 in
1892 2744 2010 2773 quantum
2027 2744 2090 2771 sunt,

1246 2782 1279 2805 sie
1297 2785 1339 2805 etc.

1310 2822 1328 2836 ¹0
1347 2822 1388 2844 Pro
1406 2821 1500 2851 quando
1518 2821 1585 2843 001111.
1612 2822 1628 2843 A
1640 2821 1654 2843 F
1665 2822 1681 2843 G
1692 2822 1710 2843 H
1721 2822 1725 2843 1
1737 2822 1765 2843 W
1777 2821 1795 2843 X
1809 2821 1827 2843 Y
1852 2822 1928 2843 minus
1945 2821 2004 2843 bene
2029 2820 2092 2850 quia.

1246 2861 1315 2883 Paulo
1332 2861 1425 2882 inferius
1442 2863 1493 2888 post
1511 2859 1560 2883 ideo
1579 2860 1629 2882 cod.
1648 2861 1665 2882 R
1684 2861 1762 2883 inserit
1779 2859 1849 2883 enim.

1310 2899 1327 2913 ¹1
1346 2899 1419 2922 Codd.
1437 2899 1453 2920 Α
1464 2898 1480 2921 C
1491 2899 1505 2920 F
1514 2899 1531 2921 G
1542 2899 1560 2920 H
1570 2899 1589 2920 K
1600 2899 1615 2921 L
1629 2899 1646 2920 R
1657 2899 1671 2920 S
1683 2899 1710 2920 W
1722 2899 1742 2920 X
1761 2905 1814 2921 cum
1840 2899 1920 2926 primis
1937 2898 1989 2920 edd.
2007 2903 2093 2921 eomlo-

1247 2939 1300 2961 tent.
1319 2938 1388 2959 Paulo
1405 2942 1456 2960 ante
1474 2944 1516 2965 pro
1534 2937 1580 2960 Sed
1598 2939 1675 2960 lamen
1693 2937 1726 2960 sic
1743 2937 1794 2959 cod.
1814 2938 1830 2959 R
1849 2937 1896 2960 Setl
1912 2938 1991 2960 tamen
2008 2936 2075 2960 sicut.

2098 1018 2144 1041 plar.

2104 1370 2168 1389 Aliter.

2105 1650 2192 1669 instincti·
2206 1652 2207 1657 ¹
