2215 3404
670 134 753 162 DIST.
775 134 876 162 XXXV.
897 133 969 162 ΛΒΤ.
993 132 1108 161 UNICUS
1129 133 1264 169 QUAEsT.
1287 134 1317 162 V.

1810 136 1861 163 611

866 307 1127 343 SOHOLION.

187 470 200 491 1.
219 469 339 492 Conclusio
364 472 397 492 est
421 471 499 491 contra
526 468 661 496 nonnullos,
687 469 726 497 qui
750 468 864 489 Platonem
882 467 966 493 secuti,

127 509 250 530 «omnium
275 508 425 535 singularium
451 507 566 529 bonorum
592 509 676 534 negant
703 507 725 528 in
753 506 801 528 Deo
819 506 882 528 ideas
904 512 966 533 0550,

125 546 239 574 dicentes⁷
266 546 389 573 singularia
416 551 460 567 non
486 545 571 567 habere
600 545 667 567 aliam
693 545 768 567 ideam
795 550 865 573 quam
891 544 966 566 ideam

125 585 224 613 speciei,
242 587 264 606 et
280 584 354 606 Deum
371 589 512 612 cognoscere
529 590 571 611 per
587 583 663 606 ideam
681 584 810 611 specierum
829 584 904 605 omnia
926 583 968 605 sin-

124 624 211 652 gularia
230 626 332 646 contenta
351 623 395 645 sub
413 623 488 650 specie
500 631 510 642 n
533 622 571 650 (ita
584 622 637 644 dicit
649 622 755 644 Richard.
773 629 784 644 a
798 622 867 650 Med.⁷
880 622 894 644 1.
907 622 967 644 Sent.

124 663 146 685 d.
165 663 201 684 36.
219 669 238 684 a.
257 663 278 684 2.
296 669 318 690 q.
339 661 375 689 i.).
393 662 450 683 Huic
467 662 590 683 sententiae
608 661 685 683 favere
702 661 793 683 videtur
810 661 877 683 llenr.
895 660 967 682 Gand.

125 701 215 730 (Quodl.
234 701 255 723 5.
273 707 295 729 q.
314 701 353 729 3.).
379 700 424 722 Sed
451 701 580 722 communis
605 700 714 722 sententia
732 706 785 722 cum
804 700 825 721 S.
843 700 929 721 Bonan
947 702 969 721 et

126 740 147 762 S.
167 740 250 762 Thom.
278 740 309 766 (S.
336 740 349 761 l.
368 745 390 768 q.
413 738 445 761 15.
464 746 483 761 a.
501 739 521 761 3.
540 739 570 761 ad
588 738 618 767 4.)
636 742 658 761 01
674 739 755 761 00110111
774 738 889 760 Richordo
907 739 967 760 illam

124 779 255 806 opinionem
273 778 388 806 reprobat.
406 779 510 800 Attamen
528 778 550 800 S.
569 778 651 800 Thom.
669 779 691 800 in
709 778 752 799 alio
770 778 819 799 loco
838 777 876 804 (de
899 778 967 800 Verit.

124 823 146 846 q.
164 817 185 839 3.
197 823 217 839 a.
230 817 251 838 8.
263 816 293 839 ad
305 818 336 845 2.)
354 819 475 845 utramque
490 817 625 839 sententiam
643 817 675 838 sic
692 816 807 838 conciliat:
829 824 839 835 ει
850 816 872 837 Si
889 816 969 844 loqua-

124 862 176 878 mur
189 855 216 878 dc
228 855 280 878 idea
292 855 397 885 111-011116,
412 855 541 878 secundum
553 855 618 884 quod
629 857 663 877 est
674 856 707 877 rei
719 861 746 877 eo
759 855 829 877 modo
841 861 888 883 quo
900 857 934 877 est
945 856 968 877 in

124 900 174 917 esse
200 894 361 922 p1¹oducibilis;
384 895 416 916 sic
433 900 477 916 una
496 894 546 916 idea
565 894 689 921 respondet
706 894 827 922 singulari,
846 895 930 922 speciei
949 897 970 916 et

124 934 214 962 generi,
232 933 379 955 individualis
397 934 418 955 in
437 934 487 960 ipso
504 933 624 961 singulari,
642 939 669 955 eo
686 933 749 961 quod
762 933 880 961 Socrates,
899 934 968 955 homo

124 975 146 994 et
162 973 252 1000 animal,
272 978 316 994 non
342 972 489 999 distinguitur
514 972 642 994 secundum
660 978 716 994 esse.
740 972 762 994 Si
780 974 856 994 autem
875 972 969 1000 accipia-

124 1018 176 1034 mus
192 1011 268 1033 ideam
286 1010 442 1034 communiter
458 1017 501 1039 pro
518 1011 666 1033 similitudino
684 1012 719 1033 vel
737 1012 836 1039 ratione,
854 1013 897 1039 sic,
915 1017 968 1033 cum

1024 465 1115 487 diversa
1133 466 1161 488 sit
1186 466 1338 489 consideratio
1365 467 1471 494 Socratis,
1490 471 1514 489 ut
1531 468 1635 489 Socrates
1652 471 1697 496 051,
1717 471 1739 490 01
1756 471 1780 490 ut
1798 469 1866 490 homo

1024 507 1064 531 est,
1083 506 1105 526 et
1121 506 1146 526 ut
1162 507 1197 526 est
1207 505 1297 533 animal,
1310 505 1485 532 respondebunt
1501 506 1521 527 ei
1539 506 1617 533 plures
1634 506 1699 528 ideae
1710 507 1746 528 vel
1764 507 1867 528 similitu-

1025 543 1119 565 dines».
1137 543 1185 565 Iloc
1201 545 1309 565 convenit
1324 549 1378 566 cum
1396 545 1514 572 principiis
1531 545 1553 566 S.
1572 545 1752 567 Bonaventurae.

1087 582 1109 603 10
1127 582 1192 604 solut.
1211 582 1241 604 ad
1258 582 1278 604 3.
1297 582 1317 604 li.
1336 583 1434 604 notanda
1451 586 1485 605 est
1496 584 1599 611 exceptio
1616 583 1647 605 ibi
1673 584 1729 605 sacta
1747 585 1769 605 in
1787 584 1865 611 regula

1025 622 1138 649 generali,
1156 621 1220 650 quod
1237 622 1287 643 idea
1310 628 1353 644 non
1380 621 1462 644 habeat
1488 623 1639 650 proprietates
1656 623 1868 650 ideati;'excipitur

1024 661 1085 682 enim
1113 661 1241 688 proprietas
1268 659 1430 684 distinctionis.
1449 662 1520 683 Simul
1543 661 1678 684 attendenda
1704 665 1739 684 051
1763 662 1868 690 probatio

1026 700 1093 721 huius
1110 700 1261 727 exceptionis,
1280 700 1364 727 duplici
1382 701 1469 722 ratione
1486 700 1582 722 firmata.
1600 701 1723 722 Disiicultas
1735 702 1793 723 circa
1807 702 1868 729 prio-

1025 739 1113 760 ritatem
1132 738 1236 760 idearum
1254 740 1329 766 magis
1345 740 1470 767 explicatur
1488 740 1523 761 hic
1540 746 1561 768 q.
1580 740 1601 761 6.

1087 777 1110 799 ll.
1128 777 1218 799 Praeter
1235 778 1298 800 locos
1315 779 1406 800 citatos:
1424 778 1485 800 Alex.
1503 778 1558 806 Hal.⁷
1577 779 1598 800 S.
1617 785 1638 806 p.
1657 779 1670 800 l.
1694 785 1715 807 q.
1740 779 1775 800 23.
1798 785 1828 801 m.
1847 779 1867 801 3.

1025 823 1045 839 a.
1057 817 1078 839 6.
1089 829 1121 833 —
1133 817 1200 845 Scot.y
1213 816 1241 839 de
1254 817 1296 839 hac
1308 820 1330 839 01
1341 823 1389 845 seq.
1402 823 1423 845 q.
1438 818 1528 845 Report.
1542 817 1556 839 1.
1569 818 1629 839 Sent.
1643 818 1664 839 d.
1678 818 1713 839 36.
1727 824 1748 846 q.
1766 818 1786 839 3.
1806 817 1825 839 li.
1838 830 1870 833 —

1025 856 1047 877 S.
1066 856 1156 884 Thom.‚
1177 856 1189 877 l.
1203 856 1263 877 Seni.
1277 856 1299 878 d.
1312 856 1349 877 36.
1362 862 1384 884 q.
1402 857 1423 878 2.
1441 862 1461 877 a.
1475 856 1499 884 33
1513 856 1534 878 S.
1547 862 1566 878 0.
1584 856 1647 878 Gent.
1661 857 1675 878 l.
1688 862 1707 878 c.
1720 856 1756 878 63.
1768 869 1800 872 —
1812 857 1868 879 Petr.

1025 902 1037 917 a
1055 895 1115 923 Tar„
1135 896 1148 917 Ι.
1166 896 1226 917 Sent.
1246 895 1267 917 d.
1286 896 1322 917 36.
1340 902 1362 924 q.
1381 896 1401 917 2.
1420 902 1439 917 a.
1458 895 1478 917 i.
1491 895 1639 917 —Richard
1658 902 1670 917 a
1693 895 1757 923 Med,
1776 896 1790 917 1.
1809 896 1869 917 Sem.

1026 934 1047 956 d.
1067 934 1102 956 36.
1121 940 1140 956 a.
1159 934 1179 956 2.
1198 934 1219 962 q.
1239 933 1259 955 12.
1276 946 1308 950 —
1325 934 1399 962 digiti.
1417 934 1450 959 R..
1469 934 1482 955 l.
1501 934 1561 955 Sent.
1579 933 1601 955 d.
1629 934 1664 955 36.
1684 935 1755 961 princ.
1774 935 1794 955 2.
1813 941 1834 962 q.
1849 933 1868 956 4.

1026 973 1098 995 collat.
1117 973 1137 994 3.
1155 985 1186 989 —-
1203 973 1294 1000 Dionys.
1312 972 1395 1001 Carth„
1413 973 1427 994 1.
1445 973 1505 994 Scnt.
1524 972 1545 994 d.
1564 973 1600 994 36.
1620 979 1641 1001 q.
1660 973 1680 995 ⁴2.

892 1148 1055 1184 QUAESTIO
1076 1149 1107 1177 V.

538 1269 639 1297 Utrum
664 1268 744 1297 ideae
766 1268 797 1296 in
818 1268 876 1296 Deo
896 1268 956 1296 sint
976 1277 1098 1296 munero
1118 1268 1235 1305 finitae,
1258 1277 1297 1297 cm
1320 1269 1460 1306 infinitae.

202 1413 302 1449 Quinto
324 1413 479 1449 quaeritur,
500 1416 597 1441 utrum
612 1413 640 1440 in
655 1413 711 1441 Deo
727 1413 761 1442 sit
783 1421 886 1450 ponere
902 1413 970 1441 mul-

123 1460 271 1489 titudinem
293 1460 420 1489 idearum
442 1460 598 1489 secundum
613 1468 764 1489 numerum
786 1460 906 1494 finitum,
925 1460 969 1489 vel

124 1506 271 1535 infinitum.
294 1506 325 1534 Et
346 1506 421 1543 quod
443 1506 600 1535 secundum
628 1514 779 1535 numerum
808 1506 968 1541 infinitum,

122 1553 244 1583 videtur.

204 1601 228 1628 1.
250 1600 420 1637 Augustinus
438 1600 473 1629 de
494 1600 610 1629 Civitate
624 1600 672 1629 Dei
688 1600 865 1629 undecimo¹t
887 1600 969 1629 «Una

8 1649 166 1676 undamentaest
190 1647 340 1684 sapientia,
362 1647 389 1675 in
411 1655 466 1684 qua
487 1647 587 1675 infiniti
609 1650 674 1676 sunt
695 1647 819 1676 thesauri
842 1647 967 1676 omnium

123 1701 219 1722 rerum
233 1694 450 1731 intelligibilium
461 1705 488 1721 n.

203 1742 229 1769 Ξ.
250 1741 336 1776 Item,
358 1741 527 1778 Augustinus
549 1744 629 1769 sexto
651 1741 685 1770 de
714 1741 862 1770 Τ1111110102
884 1741 968 1775 dicit,

124 1787 197 1824 quod
219 1798 232 1813 «
247 1787 330 1816 Filius
344 1790 386 1816 est
406 1795 453 1816 ars
474 1787 556 1824 plena
578 1787 703 1816 omnium
720 1787 860 1816 rationum
876 1788 968 1816 viven-

123 1833 194 1861 tium
205 1843 218 1859 »
226 1844 233 1868 3
255 1834 303 1862 sed
325 1837 447 1868 constat,
468 1834 543 1871 quod
565 1842 611 1862 ars
633 1833 680 1862 illa
701 1837 742 1863 est
763 1833 884 1862 infinita:
901 1842 968 1870 ergo

123 1887 178 1908 non
198 1880 331 1917 impletur
352 1880 403 1909 nisi
432 1880 562 1914 infinitis,
584 1888 651 1917 ergo
679 1883 744 1909 sunt
773 1880 810 1908 ihi
844 1880 966 1908 infinitae

123 1925 252 1955 rationes.

203 1973 227 2002 3.
250 1974 329 2008 Item,
351 1974 465 2002 racione
493 1974 619 2008 videtur,
648 1974 713 2011 quia
742 1977 863 2013 constat,
892 1974 967 2010 quod

123 2019 198 2049 Deus
219 2021 358 2057 cognoscit
378 2028 474 2049 omnes
496 2021 602 2057 species
623 2020 749 2055 numeri,
780 2029 847 2058 ergo
871 2029 967 2049 omnes

123 2066 227 2095 habent
248 2067 324 2096 ideas
345 2067 372 2095 in
394 2068 466 2099 De0;
488 2068 536 2096 sed
560 2068 665 2104 species
687 2067 797 2096 numeri
820 2070 885 2096 sunt
912 2067 968 2095 infi-

124 2113 230 2141 nitae³:
253 2121 319 2150 ergo
341 2117 391 2142 etc.
414 2113 448 2142 Sz'
467 2114 567 2147 dieas,
589 2114 664 2151 quod
686 2116 751 2143 sunt
771 2113 894 2142 infinitae
910 2122 968 2151 spe-

124 2160 179 2188 cies
199 2161 291 2197 quoad
312 2169 380 2195 nos,
403 2169 457 2189 non
478 2161 633 2189 secundum
654 2158 735 2194 rem}
750 2164 870 2189 eontra.-
886 2169 968 2197 pona-

124 2210 170 2237 tur
181 2208 198 2242 ⁴‚
210 2208 284 2245 quod
306 2216 402 2236 omnes
423 2208 528 2245 species
549 2208 658 2237 numeri
675 2209 730 2237 sint
745 2209 772 2236 in
788 2216 834 2242 re;
856 2208 908 2236 hoc
923 2216 968 2245 po-

125 2255 191 2289 sito,
213 2255 247 2283 de
263 2255 424 2283 necessitate
439 2255 575 2292 sequitur,
591 2255 666 2292 quod
681 2255 789 2283 infinita
804 2255 968 2292 simpliciter

99 2324 104 2327 .
124 2304 188 2330 actu
209 2305 285 2331 sunt:
308 2309 374 2339 ergo
395 2302 417 2330 si
439 2302 564 2330 omnium
586 2302 743 2339 specierum
764 2302 873 2331 numeri
903 2305 968 2331 sunt

124 2347 151 2376 in
172 2348 228 2377 Deo
250 2348 328 2376 ideae
348 2351 427 2383 actu,
449 2351 524 2385 patet
544 2352 595 2377 etc.

202 2396 228 2424 [1.
251 2395 331 2430 item,
354 2396 427 2424 Deus
449 2399 538 2432 potest
566 2395 673 2424 infinita
700 2397 857 2433 producere
871 2396 894 2431 ⁵3
920 2397 968 2426 sed

1026 1413 1095 1442 nihil
1116 1416 1205 1450 potest
1226 1414 1395 1450 producere,
1422 1414 1502 1443 cuius
1531 1423 1585 1443 non
1614 1414 1714 1443 haheat
1742 1415 1871 1451 cognitio-

1026 1468 1089 1488 nem
1111 1463 1138 1488 et
1159 1460 1268 1489 ideam:
1291 1468 1357 1498 ergo
1389 1461 1473 1489 hahet
1501 1461 1578 1490 ideas
1606 1461 1787 1490 infinitorum.
1817 1462 1870 1491 Sed

1025 1507 1151 1544 plurium
1174 1511 1239 1536 sunt
1260 1508 1338 1536 ideae
1367 1508 1480 1545 plures:
1511 1516 1578 1545 ergo
1606 1508 1777 1537 infinitorum
1807 1512 1871 1537 sunt

1026 1554 1157 1582 infinitae.
1555 1549 1560 1554 “

1105 1602 1130 1629 5.
1160 1602 1248 1635 [tem.
1282 1601 1413 1630 omnibus
1444 1601 1529 1630 finitis
1562 1605 1680 1639 possunt
1715 1602 1870 1639 excogitari

1026 1648 1126 1685 plura,
1152 1649 1217 1685 quia
1248 1649 1323 1677 omni
1352 1648 1430 1677 finito
1461 1651 1551 1685 potest
1581 1649 1733 1686 excogitari
1764 1649 1869 1686 aliquid

1027 1695 1135 1727 maius;
1158 1696 1206 1724 sed
1228 1703 1278 1724 nec
1298 1695 1386 1730 Deus,
1407 1703 1458 1724 nec
1480 1695 1563 1723 horno
1591 1696 1694 1724 hahet⁶
1719 1696 1802 1733 plura
1831 1705 1872 1725 co-

1025 1742 1113 1779 gitare
1135 1743 1178 1771 his
1199 1750 1271 1779 quae
1292 1742 1367 1771 Deus
1385 1742 1539 1779 cognoscit,
1561 1742 1627 1779 quia
1642 1746 1707 1771 tunc
1722 1743 1770 1771 Dei
1786 1743 1870 1771 scien-

1025 1789 1062 1817 tia
1082 1797 1137 1817 non
1158 1792 1231 1818 esset
1251 1797 1376 1818 summa:
1399 1792 1426 1818 et
1447 1789 1468 1818 si
1492 1789 1557 1823 hoc,
1579 1797 1643 1818 cum
1659 1793 1805 1826 cognoscat
1819 1798 1869 1826 per

1025 1836 1117 1869 ideas,
1138 1838 1214 1872 patet
1234 1839 1285 1865 etc.

1103 1882 1230 1911 CONTRA:
1256 1884 1279 1910 1.
1302 1882 1471 1919 Augustinus
1493 1883 1527 1911 de
1548 1883 1663 1911 Civitate
1688 1883 1736 1912 Dei
1765 1883 1866 1912 duode-
1884 1891 1997 1914 5101111051-

1024 1930 1127 1957 ciino⁷:
1149 1929 1319 1966 «Quidquid
1348 1929 1451 1963 scitur,
1481 1929 1592 1958 scientis
1620 1930 1867 1966 comprehensione

1025 1975 1120 2004 111111111-
1128 1987 1155 2009 ³⁷3
1170 1976 1218 2004 sed
1234 1978 1349 2008 constat.
1362 1976 1437 2012 quod
1452 1976 1573 2004 rationes
1584 1976 1765 2013 cognoscendi
1779 1976 1868 2004 sciun-

1025 2026 1084 2050 tur:
1107 2030 1173 2058 ergo
1194 2022 1339 2050 finiuntur.
1359 2022 1410 2050 Sed
1427 2030 1620 2059 quaecumque
1642 2022 1788 2057 finiuntur,
1804 2026 1868 2051 sunt

1026 2069 1115 2097 finita:
1139 2077 1205 2105 ergo
1226 2072 1276 2097 etc.
1869 2104 1871 2107 ι

1103 2117 1129 2144 52.
1152 2116 1235 2150 item,
1258 2115 1409 2144 multitudo
1423 2116 1551 2145 idearum
1567 2120 1608 2145 est
1623 2117 1777 2145 secundum
1800 2117 1869 2145 mul-

1024 2162 1171 2191 titudinem
1193 2163 1366 2197 ideatorum3
1388 2163 1436 2191 sed
1459 2166 1573 2195 constat.
1592 2164 1685 2191 omnia
1706 2163 1759 2191 alia
1781 2172 1797 2192 a
1812 2164 1868 2192 Deo

1025 2210 1060 2238 de
1090 2210 1253 2238 necessitate
1281 2217 1342 2238 esse
1369 2209 1447 2238 finita
1478 2213 1560 2238 actu:
1589 2217 1656 2247 ergo
1685 2210 1811 2238 similiter
1843 2214 1869 2239 et

1025 2256 1109 2285 ideas.

1104 2302 1129 2331 3.
1153 2303 1232 2337 Item,
1253 2302 1302 2331 ubi
1327 2305 1368 2331 est
1395 2302 1532 2337 infinitas,
1557 2303 1594 2331 ihi
1621 2306 1662 2332 est
1690 2304 1814 2332 confusio
1842 2308 1869 2333 et

1025 2350 1192 2379 inordinatio
1200 2361 1207 2384 3
1223 2350 1272 2378 sed
1287 2350 1314 2378 in
1330 2350 1485 2387 exemplari
1500 2353 1613 2379 aeterno
1628 2351 1705 2379 nulla
1721 2351 1794 2379 cadit
1809 2359 1869 2379 con-

1027 2397 1097 2425 10510
1118 2405 1169 2425 nec
1191 2397 1376 2425 inordinatio:
1399 2405 1466 2433 ergo
1487 2400 1538 2426 etc.

188 2585 195 2600 ¹
213 2586 268 2614 Cap.
290 2587 322 2608 10.
342 2593 362 2608 11.
382 2587 402 2608 3.
422 2587 442 2608 10
462 2587 510 2609 1000
528 2588 596 2610 citato
614 2591 687 2610 textus
698 2589 815 2616 originalis
828 2592 879 2616 post
896 2588 967 2611 verba

125 2623 151 2647 in
167 2631 214 2654 qua
231 2625 334 2653 adiungit
351 2625 460 2648 immensi
476 2625 573 2655 quidam
590 2627 666 2656 atque.

187 2664 196 2678 ‘2
214 2663 268 2691 Cap.
291 2665 323 2686 10.
342 2671 363 2686 0.
386 2665 418 2686 ll.

187 2701 196 2716 3
214 2702 310 2730 Aristot,
328 2703 359 2724 111.
378 2703 444 2730 Phys.
463 2705 514 2725 text.
534 2704 569 2725 36.
589 2703 617 2731 (c.
636 2704 680 2732 5.),
697 2707 719 2727 et
736 2705 773 2726 Xl.
792 2705 889 2732 llletaph.
908 2711 926 2727 c.
946 2706 966 2727 9.

127 2741 164 2765 (X.
182 2747 201 2763 c,
223 2741 265 2769 10.)
283 2741 396 2764 infinitum
414 2744 481 2764 vocat
497 2742 631 2771 passionem
649 2742 831 2772 (proprietatem)
849 2743 950 2766 numeri.

188 2778 197 2793 ⁴
215 2780 281 2807 Quod
298 2782 372 2801 tamen
386 2781 407 2801 in
420 2786 444 2802 se
457 2786 501 2802 non
513 2784 547 2803 est
560 2781 673 2808 possibile.
691 2782 752 2804 Licet
764 2783 825 2804 enim
841 2782 903 2804 Deus
915 2785 966 2804 actu

127 2821 249 2846 cognoscat
266 2819 364 2841 infinitos
381 2825 497 2846 numeros,
515 2825 559 2841 non
578 2820 687 2848 sequitur,
707 2820 769 2848 quod
791 2823 842 2842 actu
868 2820 967 2843 infinitos

127 2856 155 2878 ad
173 2859 233 2878 extra
251 2857 379 2884 producere
396 2858 474 2884 possit.
492 2857 536 2879 Cir.
562 2858 619 2880 infra
638 2858 659 2880 d.
678 2858 713 2880 43.
732 2865 754 2887 q.
773 2859 793 2880 3.
810 2871 842 2875 —
863 2859 966 2881 Proxime

128 2897 177 2917 ante
190 2901 232 2923 pro
245 2901 291 2918 11011
302 2895 431 2919 &romulum
450 2902 498 2918 rem
518 2896 568 2918 cod.
582 2897 599 2918 T
617 2896 657 2919 sed
667 2896 747 2926 finitae
759 2897 889 2920 secundum
906 2903 963 2925 rem,

1026 2588 1076 2610 cod.
1090 2589 1108 2611 V
1120 2588 1200 2618 finitae
1212 2588 1342 2611 seecundum
1360 2594 1417 2611 rem.
1435 2589 1457 2610 ln
1475 2588 1519 2610 tine
1536 2589 1665 2616 argumenti
1678 2591 1730 2615 post
1741 2587 1805 2610 ideae
1819 2588 1867 2609 Vat.

1025 2628 1147 2655 interponit
1163 2628 1184 2649 rt
1201 2628 1258 2649 snut
1273 2626 1390 2657 infinitae,
1410 2633 1469 2655 quae
1486 2628 1588 2649 accessio
1606 2626 1702 2649 habetur
1719 2629 1741 2648 ot
1753 2627 1774 2648 in
1792 2627 1827 2648 cd.
1850 2627 1867 2654 1,

1024 2667 1109 2688 omissa
1127 2668 1202 2687 tamen
1220 2666 1301 2688 vocula
1318 2667 1341 2688 et
1356 2672 1382 2688 nc
1399 2666 1471 2694 posita
1490 2668 1540 2688 ante
1558 2665 1622 2688 [eleae
1639 2666 1737 2693 virgula.

1087 2704 1096 2718 5
1114 2705 1225 2732 intelligo:
1244 2704 1327 2727 infinita
1346 2705 1367 2726 in
1386 2705 1498 2732 potentia,
1516 2704 1539 2726 id
1556 2708 1600 2731 051,
1620 2710 1663 2725 11011
1682 2706 1756 2731 potest
1782 2704 1866 2731 produ-

1024 2749 1074 2764 cere
1092 2746 1134 2770 tot,
1154 2744 1208 2771 quin
1227 2749 1271 2765 non
1289 2744 1361 2770 possit
1378 2744 1450 2770 plura.
1468 2742 1512 2765 Cir.
1530 2743 1587 2764 infra
1606 2742 1627 2764 d.
1648 2742 1684 2764 43.
1702 2749 1724 2770 (1.
1743 2742 1763 2764 3.

1086 2782 1095 2795 ⁶
1112 2781 1168 2803 (lod.
1187 2782 1205 2803 T
1223 2787 1276 2803 cum
1294 2782 1331 2803 ed.
1354 2782 1358 2803 1
1379 2782 1460 2811 polest.

1085 2820 1094 2834 ⁷
1112 2820 1166 2847 (lap.
1188 2820 1221 2841 18.
1238 2820 1291 2842 Loci
1309 2821 1368 2842 citati
1394 2822 1466 2842 textus
1491 2820 1608 2847 originalis
1626 2820 1661 2842 hic
1678 2822 1723 2842 cst:
1748 2819 1865 2848 Quidquid

1023 2859 1114 2880 scientia
1133 2858 1347 2886 comprehenditur,
1367 2859 1457 2881 scientis
1475 2861 1516 2880 etc.

1917 1916 1960 1932 tum.
