2215 3404
15 2009 44 2028 Ad
56 2011 129 2033 opposi-

50 2035 93 2051 tum.

741 200 824 227 DlST.
847 199 946 227 XXXII.
970 199 1041 227 ΛΒΤ.
1063 199 1081 227 l.
1103 200 1238 236 QUAEST.
1261 201 1279 229 1.

139 278 264 315 procedit
285 277 404 314 Spiritus
425 281 552 312 sanctus,
581 285 660 305 amor
691 277 779 305 Patris
810 277 845 305 ad
869 277 980 310 Filium.

138 328 164 352 et
186 323 244 352 Filii
266 324 301 352 ad
323 323 444 357 Patrem,
467 326 493 352 et
508 326 600 351 tantus
622 331 716 357 amor,
738 326 769 351 ut
790 323 825 351 sit
848 323 980 351 unitas».

215 371 241 398 [ι.
264 370 346 404 Item,
368 369 482 397 ratione
502 370 659 398 ostenditur
681 369 735 397 sic:
758 369 886 405 Magister
907 368 982 405 Hugo

138 417 173 446 de
195 419 288 445 sancto
317 416 426 445 Victore
455 416 519 445 facit
540 416 623 444 talem
652 416 788 444 rationem
810 416 838 443 in
866 415 983 451 epistola

138 463 259 500 quadam
291 463 325 491 ad
356 462 565 491 Bernardum¹:
593 462 647 490 «Si
670 465 744 490 recte
766 462 867 490 diceris
888 469 983 489 amare

138 517 248 544 amore,
271 509 317 546 qui
340 517 353 537 a
377 512 403 537 te
424 509 566 546 procedit.
592 517 642 537 cur
664 517 718 537 non
749 509 828 536 Pater
853 512 880 536 et
901 508 984 536 Filius

138 559 213 585 recte
228 556 360 584 dicuntur
375 563 470 583 amare
485 563 593 589 amore,
612 555 658 592 qui
675 555 710 583 ab
726 555 792 591 ipsis
806 554 932 591 procedit
946 565 959 580 »
973 558 983 582 *e

140 603 170 631 Et
191 603 292 631 iterum
315 602 434 630 ibidem:
463 601 517 629 «Si
539 601 659 638 Spiritus
680 604 793 630 sanctus
814 604 887 629 esset
905 608 984 629 amor

138 649 230 678 cordis
251 649 307 683 tui,
329 648 401 677 sicut
422 648 510 676 Patris
530 651 557 676 et
579 648 652 682 Filii,
675 647 746 685 quis,
761 655 876 684 quaeso,
892 650 984 684 posset.

137 703 256 732 negare,
278 695 383 732 Spiritu
404 698 513 728 sanem,
537 695 588 723 hoc
609 698 651 723 est
672 702 767 722 amore
788 696 852 728 tuo,
878 697 904 722 te
925 694 984 722 dili-

138 750 203 779 gere
217 753 230 768 »
246 745 256 770 ‘2

217 790 242 817 5.
265 789 345 822 Item,
366 788 421 816 alia
435 788 541 816 ratione
562 788 675 816 videtur
690 788 740 816 sic:
763 788 835 816 sicut
856 795 885 816 se
900 788 985 816 habet

138 836 257 864 verbum
278 835 313 863 ad
335 835 443 868 dicere,
466 835 505 863 sic
526 842 605 863 amor
624 834 656 863 ad
681 834 816 872 dili9e1·e,·
834 834 881 863 sed
906 834 984 863 Pater

138 882 229 911 Verbo
244 890 308 916 sue,
323 882 397 918 quod
413 882 448 910 ab
463 883 523 918 ipso
538 881 678 918 procedit,
697 881 763 910 dicit
778 889 806 910 se
821 884 848 910 et
863 881 956 909 omnia
966 881 984 915 Ξ,
1011 898 1013 903 ,

138 929 204 966 quia
226 928 304 957 Pater
329 929 420 958 Verbo
448 936 513 963 suo,
535 928 609 965 quod
632 928 667 956 ab
696 928 756 965 ipso
782 928 926 964 procedit,
955 936 984 956 se

138 976 229 1012 ipsum
246 975 383 1004 declarat:
401 982 466 1011 ergo
487 975 565 1003 Pater
587 977 614 1003 et
638 975 722 1003 Filius
747 983 855 1008 amore,
880 975 926 1011 qui
949 974 984 1002 ab

137 1022 204 1059 ipsis
227 1022 365 1059 procedit,
388 1029 417 1050 se
439 1022 513 1058 ipsos
535 1021 662 1058 diligunt.

217 1070 241 1097 6.
264 1069 346 1103 Item,
369 1069 441 1097 sicut
455 1068 530 1097 filius
551 1076 605 1097 non
627 1071 718 1105 potest
739 1069 855 1105 produci
875 1069 926 1097 nisi
942 1076 984 1105 ge-

137 1115 274 1149 nerando,
296 1115 335 1143 sic
349 1123 399 1144 nec
414 1123 492 1143 amor
514 1115 565 1143 nisi
588 1115 743 1152 diligendo:
766 1123 832 1152 ergo
855 1115 933 1144 Pater
957 1118 985 1144 et

137 1213 179 1239 est
200 1218 279 1238 amor
300 1210 466 1247 personalis:
489 1213 537 1238 aut
558 1210 643 1247 igitur
657 1210 798 1247 diligendo
813 1218 921 1244 amore,
936 1211 982 1247 qui

138 1260 180 1286 est
201 1257 321 1294 Spiritus
343 1260 468 1289 sanctus,
490 1260 538 1285 aut
559 1258 605 1294 qui
632 1265 687 1285 non
708 1260 750 1286 est
778 1257 897 1294 Spiritus
926 1266 985 1286 san-

137 1359 217 1379 amor
238 1351 284 1379 ille
299 1354 341 1379 est
355 1350 531 1384 essentialis,
553 1353 601 1378 aut
612 1349 794 1387 personalis.-
815 1359 869 1379 non
888 1359 984 1387 perso-

138 1397 232 1431 nalis,
254 1397 320 1434 quia
349 1400 415 1426 tunc
436 1400 529 1426 essent
550 1397 623 1426 duae
652 1405 788 1433 personae
817 1398 845 1425 in
868 1397 984 1429 divinis.

139 1444 242 1481 quibus
267 1444 428 1472 conveniret
446 1451 525 1472 amor
546 1444 675 1481 proprie.
697 1444 770 1481 quod
799 1448 840 1472 est
862 1444 986 1480 impossi-

139 1490 207 1524 hile3
229 1490 356 1519 similiter
378 1498 428 1518 nec
450 1490 625 1524 essentialis,
647 1491 713 1528 quia
736 1491 781 1519 ille
803 1494 843 1519 est
865 1490 985 1527 Spiritus

139 1540 260 1565 sanctus.
283 1537 313 1565 Et
334 1537 449 1571 iterum,
471 1537 493 1565 si
522 1537 699 1571 essentialis,
723 1540 788 1565 tunc
816 1545 898 1574 ergo,
920 1545 983 1565 cum
1012 1539 1014 1578 J

139 1584 283 1613 conveniat
306 1584 418 1620 Spiritui
442 1587 549 1618 sancto,
571 1584 691 1621 Spiritus
720 1587 832 1613 sanctus
858 1584 985 1613 similiter

138 1631 314 1668 produceret.
338 1631 429 1659 Restat
450 1631 548 1668 igitur,
570 1631 645 1668 quod
667 1631 823 1668 producant
851 1632 983 1668 Spiritum

139 1681 265 1706 sanctum
289 1677 428 1714 diligendo
455 1685 484 1706 se
505 1685 615 1712 amore,
645 1678 692 1714 qui
715 1682 753 1706 est
778 1678 898 1714 Spiritus
927 1686 986 1706 san-

139 1726 214 1753 ctus:
238 1726 286 1752 aut
308 1724 392 1760 igitur
414 1724 554 1761 diligendo
575 1733 621 1758 se,
643 1728 691 1753 aut
706 1725 846 1761 diligendo
867 1725 952 1753 celita(
965 1734 984 1753 (ι

138 1779 176 1799 se.
198 1771 255 1799 Non
277 1770 369 1805 aliud.
398 1771 464 1807 quia,
485 1774 551 1799 tunc
579 1771 656 1799 aliud
684 1771 846 1808 exigeretur
867 1772 903 1800 ad
924 1780 985 1808 pro·
1012 1779 1013 1786 ¹

140 1817 298 1846 ductionem
321 1817 442 1854 Spiritus
457 1817 558 1846 sancti:
581 1826 648 1854 ergo
664 1818 805 1854 diligendo
827 1826 855 1846 se
871 1818 986 1855 Spiritu

139 1868 254 1897 sancto,
277 1864 437 1901 producunt
458 1864 592 1900 Spiritum
614 1868 753 1893 sanctum:
777 1873 843 1901 ergo
859 1865 938 1893 Pater
959 1868 985 1894 et
1012 1885 1013 1888 ¹

141 1910 224 1939 Filius
246 1910 365 1947 diligunt
386 1918 415 1939 se
437 1911 542 1947 Spiritu
564 1914 666 1939 sancto.

219 1957 349 1985 CONTRA:
375 1958 398 1984 ¹l.
431 1956 555 1994 Diligerc
577 1957 649 1985 idem
680 1960 722 1985 est
749 1958 823 1994 quod
849 1958 914 1986 uelle
944 1958 986 1986 bo-

141 2003 247 2037 num&
269 2007 296 2032 et
317 2004 384 2031 velle
407 2004 479 2032 iden]
495 2007 536 2032 est
558 2004 632 2040 quod
654 2013 726 2032 esse:
750 2012 816 2041 ergo
838 2013 901 2033 cuin
918 2005 986 2033 haec.

141 2051 176 2079 sit
197 2051 280 2079 falsa:
303 2051 381 2079 Pater
403 2053 429 2079 et
451 2050 534 2078 Filius
563 2053 628 2079 sunt
649 2051 753 2087 Spiritu
779 2055 888 2085 sancto,
917 2052 986 2080 haee

142 2098 285 2126 similiter:
308 2098 428 2134 diligunt
449 2105 478 2126 se
500 2098 604 2134 Spiritu
626 2101 730 2126 sancte.

221 2146 247 2173 2.
263 2145 342 2173 ltem.
365 2145 436 2173 sicut
451 2152 479 2172 se
502 2144 585 2173 babet
598 2153 701 2181 sapere
720 2145 754 2173 ad
772 2145 879 2172 Patrem
897 2152 987 2181 respe—
1013 2133 1014 2143 ¹

142 2194 188 2220 ctu
211 2191 281 2223 Filii,
304 2191 340 2218 ita
361 2191 481 2228 ctitiqere
502 2191 537 2219 ad
559 2191 667 2219 Patrem
690 2195 715 2219 et
738 2191 835 2219 Filium
859 2193 984 2227 respectu

207 2383 213 2396 ¹
231 2382 333 2405 Habetur
350 2383 412 2411 apud
424 2382 533 2406 Ricltaml.
552 2383 580 2405 de
598 2384 619 2405 S.
639 2384 696 2406 Vict.
721 2385 742 2405 in
766 2390 847 2412 opere,
872 2384 934 2412 quod
956 2385 989 2406 in-

144 2422 263 2444 scribitur:
280 2430 290 2442 «
309 2422 430 2450 Quomodo
448 2422 545 2449 Spiritus
562 2425 595 2444 est
612 2429 677 2444 amor
694 2423 765 2444 Patris
782 2426 804 2445 et
821 2423 867 2445 Filii
879 2432 898 2451 >¹⁷
917 2423 955 2445 ubi
968 2426 989 2445 ot

145 2467 244 2489 sequeus
262 2463 335 2483 textus
352 2462 480 2489 invenitur⁷
498 2463 537 2490 qui
555 2461 696 2484 verbotenus
713 2463 863 2490 transcriptus
885 2465 929 2490 est,
952 2469 990 2484 ex-

145 2502 211 2527 cepto
223 2500 282 2532 ‘solo
309 2499 380 2521 verbo
405 2501 476 2528 esset,
507 2500 572 2522 cuius
599 2500 649 2522 loco
677 2501 787 2528 originale
814 2501 905 2523 exbibet
932 2500 989 2523 dice-

145 2539 218 2561 retur.

207 2577 216 2591 ‘2
233 2577 305 2599 Codd.
323 2577 366 2599 LO
384 2578 522 2599 interjiciunt
537 2577 666 2600 secandum
685 2577 822 2601 Aitselmam
841 2578 864 2600 in
887 2578 989 2602 Monalo-

145 2615 195 2645 92'0,
216 2616 244 2638 de
261 2622 307 2644 quo
325 2616 365 2638 cl'r.
383 2622 452 2644 supra
472 2616 493 2638 d.
512 2617 548 2638 27.
566 2623 589 2644 p.
607 2617 629 2638 ll.
649 2624 670 2645 q.
690 2618 711 2638 2.
729 2617 832 2639 tundam.
858 2617 877 2639 4.
903 2618 988 2639 ibidem

146 2655 206 2677 etin
223 2661 287 2683 seqq.
310 2658 397 2682 quaest.
420 2655 485 2676 istius
507 2655 558 2677 dist.
582 2662 641 2683 quae
664 2656 700 2677 hic
722 2659 850 2684 sequuntur
871 2657 988 2684 explanata

146 2694 256 2716 invenies.
273 2705 305 2709 —-
322 2693 379 2721 Vnt..
397 2694 536 2721 suffragante
553 2694 601 2716 solo
622 2694 673 2716 cod.
691 2700 728 2722 cc,
741 2695 898 2722 praetermittit
918 2695 988 2716 rerba

146 2731 225 2755 omnia
244 2738 318 2760 usque
335 2732 364 2753 ad
382 2732 552 2754 conclusionem
570 2738 626 2762 erqo
643 2736 685 2755 etc.
703 2733 788 2755 Eadem
811 2734 860 2755 Vat.
882 2734 903 2755 in
927 2734 989 2755 initio

147 2771 215 2793 liuius
243 2771 372 2798 argumenti
401 2777 444 2798 pro
472 2771 564 2794 ratione
590 2771 684 2794 cicietur
710 2772 827 2794 substituit
854 2772 916 2795 ratio
943 2772 990 2801 for-

147 2811 236 2832 matur.

209 2848 218 2861 ³
237 2849 278 2870 Pro
297 2848 411 2877 Spiritzmz
429 2850 537 2872 sanctum
556 2849 623 2871 codd.
642 2849 684 2871 LO
697 2856 722 2871 aa
741 2856 854 2872 (vitiorem.

210 2887 218 2901 ⁴¹
235 2888 334 2910 Aristot..
352 2888 374 2909 11.
392 2888 484 2910 ltbetor.
503 2894 521 2909 c.
534 2888 562 2910 de
581 2889 667 2911 Amore
680 2889 708 2916 (c.
728 2888 769 2916 Ιι.);
783 2889 821 2910 Est
833 2889 901 2916 igitur
913 2894 990 2910 aiiizire

148 2926 206 2947 velle
224 2926 289 2947 alicui
308 2926 375 2948 bona.
392 2939 423 2942 —
440 2927 490 2948 Post
510 2926 580 2948 verbu
598 2927 761 2955 subsequentia
780 2928 801 2949 el
820 2926 876 2949 velle
893 2927 989 2954 supple:

149 2965 170 2986 iu
188 2965 242 2986 Deo.
260 2977 290 2980 —
307 2965 439 2987 liriniediate
457 2969 509 2993 post
526 2965 598 2987 verbo
615 2971 664 2988 esse
681 2966 748 2988 codd.
766 2972 791 2987 aa
810 2965 841 2987 bb
863 2966 989 2992 adiungunt

1011 1233 1012 1237 ,
1041 1209 1177 1238 notione?
1202 1210 1260 1238 Nou
1288 1214 1330 1239 est
1351 1211 1419 1239 dare
1443 1211 1494 1239 nisi
1520 1211 1713 1248 spirationem:
1741 1215 1789 1240 aut
1820 1220 1886 1248 ergo

1011 1281 1013 1285 ,
1042 1256 1148 1290 active,
1171 1260 1219 1285 aut
1229 1257 1356 1294 passive.
1372 1258 1397 1285 Si
1413 1258 1516 1286 active:
1536 1266 1602 1294 ergo
1617 1258 1689 1286 idem
1706 1261 1746 1287 est
1762 1258 1886 1295 diliquit(

138 1307 207 1333 ctus.
230 1304 254 1332 Si
278 1312 385 1338 amore,
415 1304 462 1341 qui
484 1312 538 1332 non
567 1307 609 1333 est
632 1304 750 1341 Spiritus
779 1307 908 1339 sanctus.
937 1307 985 1333 aut
1012 1311 1013 1315 ¹

1824 206 1880 233 557

1040 277 1159 313 Spiritus
1180 278 1279 311 sancti;
1301 278 1349 307 sed
1372 279 1439 308 haec
1454 283 1495 308 est
1516 280 1598 308 falsa:
1622 281 1700 309 Pater
1715 285 1756 310 est
1771 283 1880 319 sapiens

1040 324 1174 360 sapientia
1195 325 1300 361 genita:
1323 333 1389 362 ergo
1410 329 1436 354 et
1458 326 1505 354 illa
1526 327 1661 355 similiter.

1120 369 1145 398 3.
1165 370 1244 404 ltem,
1259 379 1341 399 omne
1356 372 1464 408 plurale
1480 373 1561 401 infert
1576 373 1730 410 singulare3
1749 375 1797 402 sed
1813 375 1879 403 llaec

1040 419 1082 444 est
1103 416 1186 444 falsa:
1210 417 1288 445 Pater
1304 417 1394 454 diligit
1408 426 1437 447 se
1457 419 1561 456 Spiritu
1577 423 1682 448 sancto:
1705 428 1771 457 ergo
1786 425 1812 449 et
1827 422 1881 457 pri-

1041 470 1094 490 ma.
1117 462 1151 490 Sz‘
1171 462 1270 497 dicas,
1299 464 1373 500 quod
1402 465 1518 502 diligere
1548 469 1658 494 tenetur
1679 467 2009 502 ttOliO'nalitet';impiicatur.

1041 513 1158 537 contra:
1181 510 1258 538 nulla
1278 510 1389 539 notione
1410 512 1542 548 contingit
1557 515 1654 541 mutuo
1675 513 1783 549 reflecti
1796 522 1879 542 unam

1042 562 1188 591 personam
1212 563 1297 592 super
1318 556 1399 584 aliam
1412 557 1439 588 ⁵:
1462 558 1510 586 sed
1531 559 1685 587 secundum
1708 559 1881 588 dilectionem

1041 604 1083 630 est
1103 604 1202 630 mutua
1216 602 1332 631 reflexio
1354 603 1380 631 in
1396 604 1538 640 praedicta
1560 605 1708 634 locutione:
1731 614 1797 643 ergo
1822 606 1884 634 ‹lili-

1039 656 1108 685 9ere
1128 656 1183 676 non
1204 652 1315 677 tenetur
1330 649 1520 679 notionaliter:
1536 658 1602 688 ergo
1617 651 1689 680 idem
1706 652 1780 688 quod
1795 652 1883 688 prius.

1120 695 1146 722 lt.
1169 694 1251 729 ltein,
1272 695 1351 723 nulla
1372 695 1446 724 notio
1475 697 1602 725 convenit
1622 698 1729 732 tribus;
1758 699 1805 727 sed
1826 699 1883 727 dili-

1042 750 1107 778 gere
1129 742 1233 778 Spiritu
1261 745 1356 771 sancto
1378 743 1505 771 convenit
1526 744 1623 772 tribus.
1650 744 1716 772 Nam
1740 745 1818 773 Pater
1847 745 1885 774 di·
1911 755 1914 756 ⁷

1043 788 1102 825 ligit
1133 788 1236 825 Spiritu
1266 792 1375 823 sanem,
1406 793 1433 817 et
1461 790 1544 818 Filius
1575 791 1664 827 diligit
1692 792 1796 828 Spiritu
1826 800 1885 820 san-

1043 837 1102 869 cto⁷
1123 838 1150 864 et
1171 835 1291 872 Spiritus
1314 839 1426 864 sanctus
1453 836 1542 873 diligit
1562 837 1666 873 Spiritu
1688 841 1797 872 sancto,
1820 838 1882 875 quia

1043 890 1071 910 se
1099 882 1177 919 ipso:
1207 890 1273 919 ergo
1295 890 1349 910 non
1375 885 1485 911 tenetur
1506 883 1696 912 notionaliter:
1724 892 1790 921 ergo
1811 885 1884 913 idem

1042 929 1116 966 quod
1139 929 1225 966 prius.

1124 977 1148 1004 5.
1171 976 1250 1011 Item,
1273 976 1400 1006 Pater'et
1421 976 1506 1005 Filius
1530 977 1627 1005 eodem
1649 985 1744 1005 amore
1766 978 1882 1014 diligunt

1042 1031 1071 1051 se
1093 1025 1120 1051 et
1140 1031 1206 1057 nos3
1229 1024 1276 1052 sed
1299 1024 1409 1053 dilectio
1435 1024 1483 1052 Dei
1506 1024 1540 1052 ad
1569 1032 1619 1052 nos
1647 1026 1689 1052 est
1716 1024 1885 1059 essentialis.

1042 1078 1106 1098 cum
1129 1074 1257 1099 connotet
1285 1070 1414 1099 effectum
1442 1071 1468 1099 in
1499 1074 1642 1099 creatura:
1665 1079 1730 1108 ergo
1759 1071 1885 1100 similiter

1011 1134 1012 1144 1
1043 1124 1107 1144 cum
1130 1116 1247 1145 dicitur:
1271 1117 1390 1154 diligunt
1412 1125 1448 1146 se.

139 1164 221 1192 Filius
236 1164 376 1201 diligendo
398 1171 426 1192 se
442 1163 602 1200 producunt
617 1164 751 1200 Spiritum
766 1164 920 1198 sanctum³‚
936 1164 983 1200 qui
1011 1188 1012 1193 ,

1122 1164 1146 1191 6.
1169 1163 1248 1198 Item,
1265 1164 1286 1192 si
1302 1167 1411 1192 tenetur
1426 1164 1614 1198 notionaliter,
1630 1172 1746 1201 quaere,
1761 1173 1812 1201 pro
1827 1174 1883 1202 qua
1900 1174 1988 1215 Q'ffigss‘}
2000 1174 2027 1191 m-

1042 1312 1071 1331 se
1092 1304 1166 1340 quod
1195 1304 1330 1340 spircmt;
1359 1305 1407 1333 sed
1437 1305 1504 1333 haec
1533 1305 1615 1333 falsa:
1648 1305 1754 1341 spirant
1782 1305 1885 1342 Spiritu

1043 1353 1137 1378 sancto
1150 1350 1173 1384 ὅ,
1195 1358 1262 1387 ergo
1277 1354 1304 1379 et
1324 1351 1424 1388 prima.
1440 1352 1465 1379 Si
1489 1352 1598 1388 passive
1610 1363 1617 1386 3
1632 1356 1748 1380 eontra:
1770 1352 1817 1380 illa
1832 1360 1886 1380 non

1012 1423 1013 1426 ,
1043 1397 1222 1433 praedicatur
1245 1397 1279 1426 de
1304 1398 1383 1426 Patre
1411 1401 1438 1426 et
1460 1398 1541 1432 Filio,
1571 1398 1617 1427 sed
1641 1399 1675 1427 de
1703 1398 1761 1427 solo
1782 1399 1885 1435 Spiritu

1012 1452 1014 1481 5
1043 1446 1144 1472 sancto.
1168 1444 1202 1472 Sz'
1221 1444 1324 1478 dicas,
1354 1445 1428 1481 quod
1457 1445 1662 1474 denominative
1691 1445 1886 1482 praedicatur:

1043 1494 1164 1519 contra:
1186 1491 1276 1519 omnis
1298 1492 1467 1529 proprietas,
1489 1500 1561 1529 quae
1583 1492 1617 1520 de
1642 1500 1757 1529 persona
1782 1492 1888 1529 praedi-

1043 1541 1123 1565 catur
1145 1538 1172 1565 in
1195 1538 1297 1566 divinis
1325 1538 1352 1566 in
1381 1540 1569 1573 concretione,
1598 1539 1776 1576 praedicatur
1807 1542 1833 1567 et
1861 1539 1887 1567 in

1043 1584 1229 1613 abstractione
1246 1585 1270 1612 ⁷:
1303 1593 1370 1622 ergo
1402 1594 1464 1614 cum
1488 1586 1628 1622 processio
1659 1594 1711 1614 non
1744 1585 1888 1614 conveniat

1044 1631 1115 1659 Patri
1132 1634 1159 1660 et
1174 1631 1239 1659 Filio
1255 1632 1283 1660 in
1298 1632 1499 1661 abstractione:
1523 1640 1588 1669 ergo
1610 1640 1660 1661 nec
1675 1633 1886 1661 denominative.

1357 1733 1569 1754 CONCLUSIO.

1082 1816 1144 1845 Ista
1165 1817 1270 1845 locutio
1287 1816 1368 1854 falsa
1389 1822 1444 1851 est,
1466 1818 1495 1845 si
1513 1821 1622 1846 tenetur
1644 1818 1846 1851 essentialiter,

1161 1873 1232 1892 vera
1253 1868 1368 1898 mitem,
1389 1865 1417 1892 si
1442 1869 1552 1892 tenetur
1573 1865 1768 1893 notionaliter:

1123 1959 1299 1987 Rnsroxmso:
1322 1958 1360 1987 Ad
1382 1958 1588 1995 praedictorum
1611 1958 1819 1994 intelligentiam
1842 1966 1887 1986 no-

1044 2004 1175 2038 tandum,
1198 2005 1271 2041 quod
1294 2005 1416 2042 quidam
1438 2005 1608 2041 praedictam
1637 2005 1801 2032 locutionem
1825 2005 1887 2032 siui-
1904 2009 2001 2033 Opinio1>

1013 2076 1014 2086 ,
1043 2052 1152 2088 pliciter
1180 2054 1353 2088 negaverunt
1380 2054 1407 2080 et
1431 2052 1577 2083 dixerunt,
1607 2059 1702 2080 omnes
1731 2051 1887 2080 consimiles

1044 2101 1208 2126 retractatas
1229 2106 1289 2126 esse
1310 2106 1326 2126 a
1348 2098 1428 2126 beato
1449 2098 1601 2135 Augustino
1622 2098 1649 2125 in
1675 2106 1726 2126 sua
1748 2097 1838 2130 simili.
1860 2097 1886 2125 in

1044 2145 1095 2172 ltac
1117 2144 1234 2173 scilicet:
1263 2145 1369 2173 «Pater
1390 2147 1431 2173 est
1452 2145 1561 2181 sapiens
1583 2145 1716 2181 sapientia
1731 2145 1822 2180 genita
1835 2144 1844 2157 ⁸
1860 2155 1886 2171 ».

1044 2191 1146 2219 —Sed
1172 2191 1239 2220 baec
1265 2191 1365 2219 solutio
1389 2199 1444 2219 non
1467 2194 1554 2227 potest
1576 2194 1665 2225 stare,
1687 2191 1752 2228 quia
1773 2199 1826 2219 non
1848 2198 1888 2219 so·
1905 2196 2027 2219 1nmr0batur-

1046 2390 1101 2413 erqo
1119 2389 1144 2406 co
1162 2389 1207 2413 quo
1224 2383 1296 2405 Pater
1313 2384 1335 2405 et
1350 2382 1427 2405 Filius
1443 2388 1467 2405 se
1484 2382 1595 2412 dilimari,
1615 2384 1684 2410 stitit,-
1701 2382 1742 2405 secl
1766 2388 1811 2405 non
1834 2383 1891 2404 sunt

1046 2422 1150 2451 Spiritus
1167 2423 1279 2449 sanctus,
1300 2423 1340 2445 etc.

1107 2461 1116 2475 ⁵
1134 2462 1228 2489 Scottis,
1247 2462 1283 2483 hic
1301 2468 1323 2489 q.
1346 2461 1361 2483 1.
1381 2467 1401 2483 n.
1424 2461 1441 2485 1,
1466 2462 1510 2482 hoc
1527 2461 1555 2482 ita
1578 2460 1696 2488 proponit:
1722 2460 1800 2481 Nullus
1825 2463 1889 2482 actus

1046 2500 1165 2522 noti0nalis
1182 2502 1215 2521 est
1233 2501 1385 2521 conversivus
1402 2500 1423 2521 in
1442 2499 1503 2521 idem
1521 2505 1598 2527 agens,
1617 2506 1628 2520 a
1647 2505 1692 2527 quo
1710 2501 1742 2520 cst
1759 2499 1795 2520 vcl
1813 2504 1889 2526 proce-

1046 2539 1088 2566 dit,
1107 2541 1201 2566 propter
1218 2538 1400 2565 distinctionem,
1419 2544 1489 2566 quam
1508 2538 1556 2560 talis
1568 2540 1631 2560 actus
1641 2538 1734 2566 requirit
1747 2538 1803 2559 inter
1819 2543 1889 2565 agens

1046 2580 1067 2599 ot
1085 2578 1215 2599 terminum.

1107 2616 1116 2629 c
1133 2616 1175 2637 Pro
1193 2615 1284 2644 Spiritu
1303 2616 1385 2638 sancto
1404 2616 1453 2637 Vat.
1472 2622 1525 2637 cuni
1543 2622 1589 2637 uno
1607 2618 1627 2637 ct
1645 2616 1715 2637 altero
1739 2615 1789 2637 cod.
1811 2621 1841 2637 se.
1858 2627 1889 2630 —

1046 2655 1094 2676 Mox
1112 2657 1163 2682 post
1179 2654 1220 2676 illa
1239 2655 1333 2682 supple:
1351 2656 1447 2682 spiratio
1465 2655 1568 2682 passiva.
1587 2654 1622 2676 vel
1641 2660 1693 2675 cum
1713 2654 1761 2675 Vnt.
1779 2653 1848 2676 nolio.

1108 2694 1116 2706 ⁷
1134 2693 1178 2716 cfr.
1196 2700 1265 2721 supra
1285 2693 1306 2715 d.
1325 2693 1362 2715 27.
1381 2699 1403 2721 p.
1422 2693 1436 2715 Ι.
1454 2700 1473 2715 a.
1497 2694 1513 2715 1.
1533 2700 1554 2722 q.
1576 2694 1581 2714 1
1597 2711 1602 2720 ,
1620 2696 1639 2715 ct
1666 2693 1694 2714 de
1719 2692 1887 2720 praedicatione

1045 2732 1219 2755 denomiiialira
1231 2732 1285 2754 vide
1298 2738 1368 2760 supra
1381 2732 1403 2754 d.
1418 2732 1438 2754 5.
1452 2739 1462 2754 a
1481 2733 1497 2755 l.
1510 2739 1532 2760 q.
1548 2733 1566 2754 1.
1580 2732 1608 2754 ad
1621 2733 1641 2759 2.
1654 2737 1695 2753 uec
1708 2737 1752 2753 non
1766 2737 1818 2759 pag.
1830 2730 1886 2758 475,

1046 2775 1097 2793 nota
1119 2772 1135 2793 1.
1153 2783 1184 2787 -
1201 2771 1243 2792 Pro
1261 2771 1340 2793 verbis
1358 2771 1382 2793 in
1399 2771 1556 2794 abstractione
1573 2773 1594 2793 et
1612 2770 1634 2792 in
1653 2769 1810 2796 cmm-etloum
1829 2776 1887 2798 quae

1047 2811 1067 2831 in
1087 2811 1128 2832 bac
1146 2810 1302 2837 propositione
1320 2812 1454 2838 occurrunt⁷
1472 2810 1536 2831 multi
1554 2809 1621 2831 codd.
1639 2808 1778 2830 substituunt
1799 2807 1889 2830 abstra-

1047 2850 1080 2871 cte
1098 2849 1176 2877 (aliqui
1194 2848 1342 2877 abstractive)
1361 2852 1382 2871 ct
1399 2849 1504 2871 concrete
1521 2848 1631 2873 (nonnulli
1649 2847 1793 2875 concreta-e).

1109 2886 1118 2901 ⁸
1137 2887 1166 2909 De
1184 2894 1228 2915 qua
1247 2888 1286 2909 cfr.
1313 2888 1349 2909 hic
1371 2888 1401 2909 lit.
1425 2888 1537 2915 Magistri,
1560 2893 1578 2908 c.
1601 2887 1620 2908 ‘L
1644 2886 1726 2907 notula.
1752 2885 1814 2907 Dicta
1837 2885 1887 2906 alio-

1048 2932 1098 2947 ruin
1117 2926 1267 2951 Sanctorum,
1286 2932 1386 2954 quorum
1399 2932 1451 2948 mox
1464 2926 1488 2948 tit
1505 2926 1600 2951 mentio,
1619 2925 1722 2946 invenies
1740 2925 1775 2946 liic
1800 2925 1820 2945 in
1842 2924 1888 2945 sun-

1048 2964 1168 2986 datiiciitis.
