2215 3404
0 1134 130 1153 Fundamenta.

632 212 715 240 DIST.
737 211 836 240 XXVII.
860 211 886 239 Ι).
908 211 936 239 II.
959 212 1031 240 ART.
1053 212 1168 241 UNICUS
1191 212 1325 248 QUAEST.
1348 213 1389 241 IV.

217 291 242 320 3.
264 291 346 325 Item,
367 291 495 319 acterius
516 290 635 319 verbum
657 290 716 319 exit
736 298 752 318 a
773 289 896 323 dicente,
917 289 982 318 Ver-

138 337 204 365 bum
233 339 326 365 autem
355 337 481 365 divinum
502 344 612 373 semper
641 338 682 365 est
703 335 730 363 in
760 335 887 369 dicente,
916 335 982 372 quia

136 391 186 421 090
208 383 239 411 in
259 383 364 417 Pali-e,
386 383 453 412 dicit
467 383 583 417 Veritas,
598 383 706 411 Ioannis
722 381 831 411 decimo
846 384 945 418 quarto
958 381 980 409 ¹:

136 437 203 467 ergo
225 433 276 459 etc.

214 477 241 505 [ι.
274 477 355 511 item,
384 477 495 505 videtur
523 477 598 514 quod
627 484 677 505 nec
705 476 740 504 ad
769 475 979 504 similitudinem

136 522 287 551 interioris
307 523 491 560 cogitationis,
513 523 579 560 quia
600 523 666 551 dicit
687 521 857 559 Augustinus
873 521 981 550 decimo

136 569 232 607 quinto
253 570 288 598 de
309 570 441 598 Trinitate
453 569 476 597 5¹:
498 569 631 606 Cogitatio
645 572 687 598 est
707 569 774 606 quid
796 568 931 602 volubile3
954 568 980 596 in

136 616 193 645 Deo
213 620 308 645 autem
329 616 398 644 nihil
419 619 461 645 est
481 616 618 644 volubile:
642 623 708 652 ergo
728 618 779 644 etc.

216 664 240 692 5.
262 663 345 697 Item,
365 662 552 700 capitationes
575 661 747 690 mortalium
767 661 886 690 timidae
907 664 979 695 sunt,

136 709 290 745 Sapientiae
311 709 418 743 nono³,
439 711 466 736 et
485 708 612 736 incertae
629 707 832 744 prouidentiae
848 710 981 739 nostrae,-

136 756 185 785 sed
206 756 234 784 10
255 756 345 785 Verbo
366 756 461 784 divino
484 755 560 784 nulla
581 758 623 784 est
644 755 767 787 falsitas,
789 754 867 783 nulla
887 754 981 783 dubie-

135 806 191 832 tas:
213 811 279 840 ergo
300 805 351 832 etc.

214 851 239 878 6.
266 850 345 884 Item,
373 849 462 878 multa
490 849 658 886 cogitamus,
681 856 752 885 quae
780 848 860 876 nobis
884 847 981 884 displi-

136 899 215 929 eent;
236 896 284 925 sed
310 896 434 924 Verbum
462 895 589 924 divinum
617 898 658 924 est
679 903 728 931 per
750 894 843 923 omnia
869 894 981 931 placens

138 942 209 971 Patri
222 941 243 970 ⁴¹:
266 950 332 979 ergo
353 945 404 971 etc.

216 990 241 1017 7.
258 989 340 1021 Item,
362 989 451 1017 multa
471 988 639 1025 cogitamus,
654 995 726 1025 quae
740 996 794 1016 non
805 996 982 1025 possumus;

137 1035 186 1064 sed
207 1035 330 1064 Verbum
351 1035 477 1064 divinum
499 1038 541 1063 est
561 1035 769 1071 omnipotens⁵:
791 1042 857 1071 ergo
879 1037 929 1063 etc.

215 1083 341 1111 Conrna:
361 1083 383 1110 1.
399 1082 471 1110 Inter
485 1082 578 1110 omnia
593 1085 686 1110 creata
700 1082 798 1119 imago
813 1086 854 1110 est
868 1090 981 1118 expres—

137 1129 225 1163 si0r⁶,
247 1137 312 1165 ergo
334 1129 405 1157 inter
426 1136 522 1157 omnes
543 1129 731 1157 emanationes
752 1136 784 1157 ea
806 1132 847 1157 est
867 1136 980 1166 expres-

137 1175 210 1210 sior,
239 1183 310 1212 quae
338 1179 379 1204 est
410 1175 437 1203 in
463 1175 598 1212 imagine;
630 1175 677 1204 sed
711 1175 848 1204 emanatio
881 1175 978 1204 similis

134 1221 226 1250 Verbo
257 1222 378 1250 increato
408 1222 435 1250 iu
463 1222 582 1258 imagine
613 1224 654 1250 est
685 1222 822 1250 emanatio
852 1221 931 1250 verbi
962 1230 979 1249 a

134 1272 241 1297 mente:
264 1277 331 1306 ergo
352 1269 579 1305 expressissima,
594 1276 661 1305 ergo
676 1269 871 1297 convenienter
892 1271 980 1297 trans-

134 1315 231 1344 fertur.

213 1363 238 1390 2.
261 1362 343 1396 Item,
365 1362 439 1399 quod
455 1362 564 1391 dicatur
585 1370 635 1399 per
650 1362 883 1399 comparationem
900 1362 976 1391 verbi

134 1408 307 1442 intellectus,
331 1409 381 1437 1100
403 1409 516 1437 videtur
537 1417 587 1445 per
612 1409 847 1446 comparationem
876 1409 910 1438 ad
934 1417 978 1442 res

134 1458 234 1489 extra,
264 1456 395 1493 quoniam
430 1456 675 1490 Ecclesiasticus⁷,
708 1457 863 1485 secundum
894 1457 976 1485 aliam

134 1503 344 1531 translationem
366 1503 558 1540 Septuaginta:
588 1502 777 1539 Principium
803 1503 898 1531 omnis
919 1512 979 1540 ope-

134 1550 178 1578 ris
198 1550 341 1583 verbum,-
362 1550 409 1578 sed
431 1557 481 1586 per
502 1549 551 1578 Dei
574 1549 670 1577 Filium
693 1549 785 1578 omnia
807 1552 871 1578 sunt
891 1550 976 1578 facta:

134 1604 200 1634 ergo
221 1599 271 1625 etc.

213 1644 238 1672 3.
260 1644 343 1677 Item,
365 1643 440 1680 quod
469 1643 585 1671 verbum
608 1643 686 1671 vocis
714 1643 749 1671 sit
771 1643 875 1678 simile,
904 1644 979 1672 vide-

133 1694 195 1725 tur,
217 1690 282 1727 quia
297 1690 419 1719 Verbum
442 1690 557 1724 dicitur,
576 1690 641 1727 quia
662 1690 857 1727 expressivum
875 1693 902 1719 et
922 1699 978 1719 ma-

132 1737 370 1765 01100100νο111-
381 1736 456 1765 unde
476 1745 527 1764 nee
542 1736 663 1764 Patrem
682 1736 747 1774 quis
761 1736 841 1764 novit
857 1736 918 1765 nisi
931 1737 977 1765 Fi-

134 1783 205 1817 lius,
226 1787 250 1812 et
271 1783 321 1812 eui·
339 1783 464 1812 voluerit
488 1783 584 1811 Filius
604 1783 750 1817 revelare,
779 1784 907 1813 Matthaei
928 1793 978 1812 un-

133 1830 241 1859 decimo
253 1830 262 1844 ⁸
277 1847 317 1850 —
330 1830 379 1859 sed
394 1830 446 1859 hoc
460 1830 584 1858 maxime
599 1833 640 1858 est
654 1830 681 1858 in
696 1830 782 1859 verbo
802 1830 891 1864 vocis,
912 1839 976 1859 nam

133 1877 250 1905 verbum
273 1877 398 1905 interius
418 1885 472 1905 non
494 1879 569 1913 patet
597 1877 647 1905 nisi
670 1885 721 1914 per
745 1877 862 1905 verbum
885 1877 976 1905 vocis:

133 1931 199 1960 ergo
227 1923 350 1952 Verbum
381 1924 535 1952 increatum
567 1923 669 1952 dicitur
698 1924 733 1952 ad
765 1924 976 1953 similitudinem

133 1970 281 1999 exterioris
302 1970 389 1999 verbi.

211 2017 238 2045 4.
260 2017 340 2051 Item,
361 2017 510 2045 Basilius⁹z
526 2017 592 2045 Filio
613 2017 661 2045 Dei
683 2017 846 2045 attribuitur
860 2026 976 2050 sensus,

1827 216 1883 244 [189

1039 289 1200 326 sapientia,
1229 290 1341 323 virtus,
1363 290 1482 318 verbum
1512 294 1539 319 et
1561 291 1672 319 lumen:
1695 299 1806 327 sensus,
1828 301 1883 330 quo

1038 336 1194 373 cogitantur
1222 337 1330 371 omnia;
1360 337 1510 374 sapientia,
1532 346 1587 374 qua
1615 339 1707 367 omnia
1734 339 1882 376 disponun-

1040 385 1097 417 tur3
1118 383 1224 417 virtus,
1245 392 1301 420 qua
1322 383 1410 418 fiunt:
1431 384 1566 419 verbum,
1591 393 1647 422 quo
1667 386 1881 420 annuntiantur;

1038 430 1149 464 lumen,
1171 438 1227 467 quo
1248 430 1413 459 clarescunt.
1435 430 1461 458 Si
1486 438 1552 467 ergo
1574 431 1696 460 Verbum
1719 432 1821 460 dicitur
1842 441 1883 461 ra-

1038 475 1111 504 tione
1142 476 1377 507 annuntiationis.
1408 480 1435 505 et
1465 477 1518 505 1100
1537 477 1668 514 -pertinet
1698 478 1732 506 ad
1764 479 1881 507 verbum

1036 522 1132 556 vocis,
1164 526 1238 559 patet
1266 523 1340 559 quod
1369 523 1439 551 illud
1461 523 1584 552 Verbum
1606 524 1708 553 dicitur
1733 525 1767 553 ad
1790 526 1884 554 simili-

1038 569 1162 597 tudinem
1185 568 1262 597 verbi
1284 569 1393 606 prolati.

1351 671 1563 692 CONCLUSIO.

1037 754 1147 783 Nomen
1169 755 1258 790 verbi,
1274 755 1445 784 intellectum
1467 765 1536 784 eum
1551 757 1638 784 certis
1658 757 1880 791 conditionibus,

1159 802 1358 830 convenienter
1380 801 1563 839 transfertur
1587 803 1628 831 acl
1649 803 1759 831 divina.

1117 895 1291 924 Resposnsso:
1317 895 1488 927 Dicendum.
1509 896 1583 932 quod
1607 896 1678 925 sicut
1699 897 1769 924 ratio
1787 900 1882 933 pater-

1036 942 1139 970 nitatis
1153 950 1203 979 per
1225 942 1303 979 prius
1320 942 1459 979 reperitur
1475 943 1501 970 in
1520 943 1574 971 Deo
1590 952 1673 980 quam
1690 944 1717 971 in
1733 944 1881 977 creaturis,

1037 992 1129 1017 tamen
1160 990 1252 1026 ipsum
1284 998 1383 1018 nomen
1420 990 1586 1018 translatum
1619 993 1660 1018 est
1692 998 1708 1018 a
1739 991 1819 1019 nobis
1845 991 1881 1019 ad

1037 1035 1124 1064 Deum
1138 1036 1178 1070 ¹⁰3
1204 1036 1242 1065 sic
1264 1036 1335 1064 ratio
1363 1036 1450 1070 lueis,
1473 1037 1511 1065 sic
1531 1037 1709 1073 sapientiae,
1731 1041 1758 1065 et
1779 1038 1881 1066 horum

1036 1083 1184 1118 similium,
1206 1084 1245 1112 sic
1266 1083 1348 1112 etiam
1371 1084 1441 1111 ratio
1462 1083 1550 1111 verbi.
1573 1084 1603 1112 Et
1625 1084 1809 1121 significatum
1832 1092 1881 1121 per
1895 1097 2021 1115 omausioi.

1035 1130 1115 1167 prius
1135 1133 1162 1158 et
1183 1130 1304 1159 nobilius
1325 1133 1367 1159 est
1388 1130 1415 1158 in
1437 1130 1493 1159 Deo
1515 1139 1599 1168 quam
1621 1131 1647 1159 in
1670 1131 1764 1164 nobis;
1786 1134 1879 1160 tamen

1035 1185 1135 1205 nomen
1158 1177 1322 1205 translatum
1344 1180 1386 1206 est
1406 1186 1422 1205 a
1444 1177 1523 1206 nobis
1543 1178 1579 1206 ad
1601 1178 1698 1206 Deum.

1121 1224 1287 1252 Translatio
1302 1228 1394 1253 autem
1411 1224 1442 1252 fit
1456 1227 1569 1261 propter
1590 1224 1658 1253 duo:
1678 1233 1734 1253 una
1749 1225 1818 1253 ratio
1837 1227 1879 1253 est
1904 1236 1978 1261 ‘Duplex
1993 1242 2021 1254 ra-

1035 1273 1149 1307 propter
1169 1270 1379 1299 similitudinem
1395 1278 1575 1307 expressam,
1598 1271 1652 1299 alia
1673 1271 1743 1299 ratio
1758 1274 1800 1299 est
1821 1279 1881 1308 pro·
1895 1260 2022 1300 lignafffflm'

1036 1320 1096 1354 pter
1117 1317 1326 1345 instructionem
1356 1320 1478 1346 nostram
1486 1328 1493 1351 ς
1515 1320 1542 1345 et
1562 1317 1631 1346 haec
1657 1318 1713 1346 duo
1734 1318 1779 1346 hic
1807 1321 1880 1346 sunt.

1115 1363 1237 1391 Primum
1250 1363 1363 1400 quidem
1375 1367 1417 1393 est
1429 1364 1591 1392 similitudo
1606 1364 1683 1392 verbi
1700 1365 1785 1393 creati
1796 1365 1830 1392 ad
1844 1364 1880 1392 in·
1894 1378 1948 1397 nam,
1962 1379 1979 1397 1,

1035 1413 1173 1444 creatum,
1188 1410 1222 1438 ad
1238 1418 1322 1447 quam
1339 1410 1532 1439 insinuandam
1549 1410 1694 1447 d1stinguit
1714 1411 1811 1439 beatus
1831 1411 1880 1439 Au-

1035 1456 1163 1492 gustinus
1184 1456 1211 1483 in
1234 1455 1305 1483 libro
1326 1455 1434 1484 decimo
1455 1456 1551 1492 quinto
1573 1456 1607 1484 de
1629 1456 1791 1484 Trinitate¹¹
1820 1465 1880 1484 ver-

1036 1502 1103 1530 bnm
1130 1502 1286 1531 secundum
1308 1502 1445 1539 triplicem
1474 1502 1667 1531 differentiam.
1696 1503 1763 1530 Nam
1790 1511 1879 1531 unum

1035 1552 1076 1578 est
1098 1550 1215 1578 verbum
1237 1549 1382 1582 sensibile,
1401 1549 1477 1577 aliud
1493 1552 1535 1578 est
1556 1550 1675 1578 verbum
1690 1549 1878 1586 intelliqibile,

1035 1596 1147 1625 tertium
1170 1600 1212 1625 est
1234 1596 1350 1625 verbum
1380 1596 1516 1624 medinm.
1540 1596 1663 1625 Verbum
1690 1596 1822 1625 sensibile
1843 1599 1880 1624 at-

1035 1643 1159 1671 tenditur
1181 1643 1207 1670 in
1229 1642 1383 1679 prolatione
1404 1643 1494 1675 vocis,
1516 1643 1634 1671 verbum
1656 1642 1830 1680 intelliqibile
1851 1643 1878 1670 in

1034 1690 1197 1726 cogitatione
1219 1690 1273 1723 rei,
1294 1689 1412 1717 verbum
1432 1689 1560 1717 inedium
1576 1689 1601 1717 in
1618 1689 1780 1726 cogitatione
1795 1689 1879 1718 vocis.

1034 1754 1072 1757 -
1088 1737 1118 1765 Et
1139 1739 1180 1765 est
1194 1736 1276 1770 ordo,
1291 1736 1357 1773 quia
1372 1736 1461 1773 primo
1476 1737 1576 1773 cogitat
1590 1736 1696 1773 aliquid
1712 1737 1794 1764 homo
1808 1735 1880 1775 quid

1033 1784 1087 1817 sit,
1100 1783 1231 1817 secundo,
1246 1782 1372 1820 qualiter
1391 1782 1490 1811 debeat
1505 1783 1655 1820 cogitatum
1666 1783 1877 1819 pronuntiare,

1034 1831 1115 1859 tertio
1133 1830 1316 1867 pronuntiat.

1112 1877 1188 1905 Sicut
1208 1884 1274 1913 ergo
1297 1876 1367 1904 ratio
1389 1876 1533 1903 trinitatis
1559 1876 1699 1912 reperitur
1731 1876 1757 1903 in
1779 1883 1878 1909 sensu,

1034 1923 1174 1960 reperitur
1199 1923 1226 1950 in
1248 1923 1354 1951 ratione
1375 1930 1509 1951 conversa
1530 1922 1565 1950 ad
1587 1930 1715 1956 sensum,
1739 1922 1878 1958 reperitur

1033 1974 1061 1999 et
1082 1970 1109 1998 in
1129 1970 1235 1998 ratione
1256 1969 1412 1998 secundum
1434 1977 1462 1998 se
1476 1969 1513 2003 ¹²,
1535 1970 1574 1997 sic
1595 1972 1622 1997 et
1643 1969 1713 1997 ratio
1734 1968 1821 1996 verbi.
1850 1968 1880 1996 Et
1900 1977 2018 2003 naum-erpi

1888 2002 1982 2020 invenitur
1999 2006 2018 2018 111

1034 2017 1271 2054 quemadmodum
1294 2016 1430 2049 trinitas,
1459 2016 1485 2044 in
1507 2024 1563 2052 qua
1590 2016 1714 2044 consistit
1744 2022 1880 2052 expressa
1890 2027 1955 2044 timus.

197 2161 203 2175 ¹
222 2161 287 2183 Vers.
307 2162 342 2183 111.

195 2200 203 2214 ⁴³
221 2199 276 2228 Cap.
298 2200 330 2222 15.
348 2206 369 2222 n.
389 2199 430 2222 25:
449 2200 509 2228 Quid
526 2203 571 2228 est,
595 2201 700 2228 inquam,
725 2201 768 2223 1100
786 2200 906 2223 formabile
924 2207 976 2222 non-

133 2239 236 2268 dumque
253 2240 388 2267 sormatum,
406 2239 448 2261 nisi
466 2239 577 2268 quiddam
596 2240 677 2262 mentis
695 2243 792 2268 nostrae,
811 2240 874 2269 quod
893 2241 935 2262 bac
947 2243 975 2262 at-

132 2284 178 2306 que
194 2279 237 2299 hae
253 2277 348 2299 volubili
365 2277 466 2306 quadam
483 2278 583 2299 motione
600 2278 723 2306 iactamus,
742 2284 795 2300 cum
807 2285 819 2300 a
833 2278 899 2300 nobis
916 2284 976 2300 nunc

133 2317 187 2345 hoc,
207 2322 267 2339 nunc
283 2316 349 2344 illud,
367 2317 425 2338 sicut
442 2317 561 2338 inventum
584 2316 652 2338 fuerit
675 2317 711 2339 vel
729 2318 867 2345 occurrerit,
893 2318 976 2345 eogita-

133 2357 184 2378 tur?
201 2368 232 2372 —
250 2356 275 2378 Et
291 2362 309 2377 0.
329 2356 369 2377 1162
387 2356 532 2384 Quapropter
549 2356 577 2377 ita
596 2355 678 2377 dicitur
695 2355 751 2378 illud
770 2356 810 2378 Dei
828 2355 939 2384 Verbum,
952 2359 977 2378 ut

130 2395 172 2417 Dei
193 2396 299 2423 cogitatio
324 2401 369 2417 non
394 2395 496 2423 dicatur,
515 2401 543 2417 ne
560 2395 647 2424 aliquid
665 2401 715 2417 esse
733 2396 798 2423 quasi
817 2395 918 2417 volubile
930 2401 976 2417 cre.-

133 2434 200 2456 00101·
217 2435 239 2456 in
257 2434 310 2456 Deo.

195 2472 204 2486 ³
222 2472 287 2495 Vei-s.
306 2471 341 2494 Ἰ14.
358 2484 390 2488 -
406 2471 446 2494 Ed.
468 2472 473 2493 l
494 2473 545 2494 voci
563 2471 697 2501 Sapientiae
719 2473 843 2500 praemittit
867 2472 929 2496 sient
945 2472 976 2495 di-

133 2511 202 2535 citur.

195 2549 203 2564 ⁴
221 2550 264 2572 Cfr.
282 2550 364 2574 ltlatth..
383 2550 403 2577 3,
425 2549 457 2576 17,
467 2552 489 2571 et
505 2549 536 2577 17,
555 2550 575 2572 5.
588 2562 618 2566 -—
632 2550 775 2572 Vocabulum
792 2550 872 2577 Patri,
887 2551 908 2572 in
923 2550 975 2572 Vat.

132 2589 295 2616 desideratum,
312 2589 432 2616 posuimus
450 2589 581 2610 auctoritate
593 2589 785 2616 praestantiorum
803 2595 857 2611 mss.
870 2592 892 2611 et
905 2589 942 2611 ed.
959 2589 976 2611 l.

195 2627 205 2642 ⁵
221 2628 274 2655 Sap.
296 2628 332 2655 18,
356 2627 387 2648 15.

194 2666 204 2681 6
221 2666 265 2689 Csr.
283 2672 353 2694 supra
370 2665 392 2688 d.
411 2666 431 2687 3.
450 2672 471 2693 p.
490 2666 503 2687 1.
522 2672 543 2694 q.
562 2666 582 2688 2.
600 2666 630 2688 ad
651 2667 698 2693 ult„
716 2669 738 2688 et
749 2673 771 2694 p.
789 2667 812 2688 II.
831 2673 850 2688 a.
874 2667 890 2688 1.
909 2673 931 2695 (1.
955 2667 975 2688 2.

131 2718 164 2722 -
180 2706 202 2727 10
220 2705 264 2727 sine
282 2705 411 2733 argumenti
429 2705 478 2727 Vat.
496 2710 549 2726 0001
567 2705 682 2733 aliquibus
699 2705 766 2728 codd.
784 2705 922 2735 expressiva
934 2712 976 2733 pro

133 2743 320 2773 expressissima.

194 2783 204 2797 ⁷
221 2782 275 2810 Cap.
293 2782 329 2810 37,
352 2782 388 2809 20,
411 2781 451 2804 ubi
472 2783 582 2810 Vulgata:
605 2783 662 2805 Ante
684 2783 760 2804 omnia
783 2789 853 2811 opera
877 2783 976 2805 verbum

110 2830 113 2833 ·
132 2828 202 2843 verax
220 2820 342 2849 praecedat
359 2823 386 2842 te.

195 2859 204 2873 3
222 2860 286 2882 Vcrs.
305 2859 342 2881 27.

192 2899 385 2920 Δ’110110101110111
408 2898 475 2920 etiam
500 2898 536 2919 alii
561 2898 703 2926 scholastici,
730 2901 754 2920 ut
779 2899 803 2920 B.
827 2898 933 2921 Albertus
955 2902 977 2921 ct

132 2938 154 2959 S.
168 2937 276 2965 Thomas,
289 2937 363 2964 citant,
381 2936 421 2958 sed
434 2942 478 2958 non
491 2936 598 2964 indicant,
615 2937 637 2958 in
654 2943 700 2965 quo
713 2937 787 2959 Basilii
799 2938 883 2965 scripto
896 2937 976 2959 habea-

132 2979 176 2998 tur.
194 2976 297 2998 Editores
314 2981 411 3003 operum
429 2975 519 2997 illorum
545 2975 736 2997 Scholasticorum
761 2979 847 2998 textum
874 2979 975 2998 sumtum

273 3021 297 3045 S.
314 3022 402 3045 Bonan.
419 3034 450 3038 —
468 3022 533 3043 Tom.
550 3022 564 3043 l.

1032 2162 1113 2184 volunt
1129 2168 1156 2184 ex
1174 2161 1248 2183 Basilii
1266 2166 1336 2188 opere
1354 2163 1432 2182 eontra
1449 2159 1634 2187 Ειιι1οη111]η1,1η
1647 2165 1693 2187 quo
1705 2165 1775 2186 opere
1793 2158 1840 2184 (lib.
1854 2159 1875 2180 11.

1032 2207 1054 2223 0.
1073 2200 1119 2230 17.)
1136 2201 1211 2229 aliqua
1230 2199 1324 2228 quidem
1341 2200 1438 2221 istorum
1456 2199 1587 2225 nominum,
1613 2204 1672 2226 quae
1698 2198 1733 2219 liic
1756 2197 1810 2219 Filio
1836 2197 1876 2219 Dei

1032 2240 1193 2267 attribuuntur,
1211 2241 1345 2267 occurrunt,
1363 2238 1404 2260 sed
1422 2244 1466 2259 non
1484 2237 1572 2264 omnia,
1591 2243 1665 2265 neque
1683 2236 1713 2258 ibi
1726 2236 1818 2258 nomina
1835 2237 1875 2258 ista

1033 2279 1189 2306 explicantur,
1208 2279 1266 2300 sicut
1282 2277 1307 2299 fit
1323 2278 1345 2299 10
1365 2279 1441 2299 000110
1466 2278 1534 2298 textu.
1560 2275 1625 2297 Plura
1648 2274 1818 2303 praedictorum
1836 2280 1876 2296 no-

1032 2318 1121 2340 minum
1139 2318 1240 2345 exposita
1258 2317 1407 2339 inveniuntur
1424 2315 1485 2343 apud
1503 2315 1571 2342 Greg.
1594 2315 1704 2341 Nazianz„
1723 2313 1782 2336 Orat.
1802 2314 1838 2335 36.
1855 2317 1876 2335 et

1033 2356 1069 2378 49.
1087 2368 1119 2372 —
1136 2356 1267 2378 Tertullian.
1285 2361 1341 2378 vero
1358 2355 1380 2376 in
1398 2355 1494 2382 Apolog.
1513 2360 1531 2376 1.
1550 2354 1586 2375 21.
1604 2354 1646 2375 ait:
1668 2361 1677 2372 α
1694 2353 1720 2374 Et
1745 2359 1786 2374 1100
1808 2353 1875 2374 etiam

1032 2394 1144 2418 Sermoni
1161 2394 1257 2423 (Verbo)
1275 2398 1344 2423 atque
1357 2393 1445 2416 raziam?
1458 2394 1559 2421 itemque
1571 2391 1661 2419 virtuti,
1676 2398 1717 2419 per
1729 2398 1787 2420 quae
1800 2392 1876 2413 omnia

1033 2435 1137 2457 molitum
1154 2434 1228 2456 Deum
1245 2434 1371 2460 ediximus,
1390 2433 1508 2461 propriam
1521 2431 1671 2454 substantiam
1683 2432 1788 2459 spiritum
1801 2432 1877 2453 inscri-

1032 2473 1121 2502 bimus,
1139 2474 1176 2495 001
1193 2476 1215 2495 et
1231 2472 1315 2496 Sermo
1332 2473 1384 2494 insit
1401 2472 1571 2500 pronuntianti,
1589 2473 1611 2492 et
1633 2470 1693 2493 ratio
1716 2470 1773 2492 adsit
1799 2470 1877 2498 dispo-

1032 2513 1107 2541 nenti,
1125 2515 1147 2535 et
1163 2512 1239 2535 virtus
1256 2512 1341 2539 praesit
1357 2510 1513 2538 perficienti».
1526 2509 1552 2531 Et
1568 2510 1590 2531 in
1608 2509 1657 2531 libr,
1670 2509 1723 2531 adv.
1737 2509 1799 2530 Prax.
1817 2515 1836 2530 e.
1854 2508 1875 2530 6.

1033 2551 1098 2579 dicit,
1116 2551 1179 2579 quod
1197 2551 1258 2573 Deus
1275 2550 1369 2578 protulit
1386 2550 1521 2571 Sermonem
1539 2548 1670 2577 (Verbum),
1686 2556 1696 2567 a
1709 2550 1733 2569 ut
1748 2548 1876 2575 peripsum

1033 2589 1112 2612 fierent
1129 2590 1247 2617 universa,
1265 2595 1307 2617 per
1323 2595 1394 2617 quem
1411 2591 1475 2610 erant
1486 2588 1583 2616 cogitata
1596 2590 1664 2615 atque
1676 2586 1792 2614 disposita,
1805 2586 1876 2607 immo

1033 2630 1054 2649 et
1070 2628 1127 2650 facta
1144 2628 1189 2649 iam
1208 2630 1319 2656 quantum
1337 2627 1359 2648 in
1377 2626 1417 2648 Dei
1434 2631 1505 2649 sensuv
1517 2634 1537 2647 ι».
1555 2637 1587 2641 -
1603 2625 1625 2646 10
1649 2625 1698 2652 ipso
1724 2627 1784 2646 textu
1810 2624 1875 2645 citato

1032 2668 1084 2694 post
1101 2665 1175 2688 virtus
1193 2672 1240 2695 qua
1257 2665 1324 2688 codd.
1343 2671 1395 2687 cum
1414 2665 1466 2687 edd.
1489 2665 1506 2692 l,
1525 2665 1546 2691 2,
1566 2664 1578 2685 3
1597 2664 1703 2685 omittunt
1720 2663 1811 2685 cuncta.

1096 2704 1115 2719 ¹⁰
1133 2704 1190 2727 Vide
1207 2711 1277 2732 supra
1294 2704 1316 2726 d.
1336 2705 1372 2726 22.
1390 2710 1412 2732 q.
1431 2704 1452 2731 3,
1470 2704 1593 2731 praecipue
1611 2702 1712 2724 fundam.
1735 2702 1752 2724 l.
1764 2713 1795 2717 —-
1806 2702 1875 2723 Paulo

1033 2744 1127 2766 inferius
1144 2748 1196 2772 post
1212 2750 1285 2773 quam
1302 2744 1348 2766 sola
1367 2743 1417 2765 Vat.
1436 2743 1558 2770 interponit
1574 2741 1598 2764 in
1617 2740 1749 2764 ltomt'm'bus
1766 2740 1808 2763 rel.

1097 2782 1113 2796 ¹¹
1132 2782 1186 2810 Cap.
1208 2782 1241 2804 10.
1259 2788 1280 2804 11.
1303 2782 1335 2809 19,
1353 2785 1376 2804 et
1392 2788 1411 2804 c.
1433 2782 1465 2803 ll.
1484 2788 1505 2803 n.
1524 2781 1559 2802 20.
1572 2792 1604 2796 ——
1621 2779 1688 2801 Paulo
1705 2780 1812 2806 superius
1824 2779 1875 2800 voci

1032 2820 1161 2843 similitudo
1178 2821 1228 2843 Vat.
1246 2826 1298 2842 cum
1316 2821 1396 2848 paucis
1413 2820 1480 2842 codd.
1500 2819 1623 2847 praemittit
1640 2824 1760 2847 ezpressa.

1096 2858 1115 2873 ¹²
1132 2859 1192 2881 Libr.
1210 2859 1260 2881 XV.
1278 2859 1307 2881 de
1325 2859 1387 2880 Trin.
1405 2864 1423 2880 c.
1443 2858 1462 2880 3.
1482 2864 1502 2879 n.
1521 2857 1541 2884 ὅ,
1559 2857 1598 2879 11111
1616 2857 1637 2878 S.
1662 2857 1743 2878 Doclor
1759 2861 1874 2877 summam

1033 2897 1124 2920 exbibet
1140 2903 1221 2919 eorum
1238 2903 1297 2925 quae
1314 2898 1336 2918 in
1354 2898 1402 2919 aliis
1414 2896 1477 2919 libris
1489 2896 1517 2918 (le
1535 2896 1616 2923 triplici
1629 2896 1671 2917 hac
1682 2895 1778 2916 trinitate
1791 2894 1874 2920 docuit,

1032 2937 1060 2959 de
1078 2938 1151 2964 prima
1170 2937 1216 2958 scil.
1229 2940 1251 2959 et
1267 2936 1368 2958 secunda
1386 2936 1409 2957 in
1427 2935 1477 2957 libr.
1496 2935 1533 2957 XI.
1551 2941 1570 2956 c⁴
1589 2935 1609 2956 2.
1628 2937 1650 2955 et
1667 2934 1693 2961 33
1712 2933 1740 2955 de
1762 2933 1824 2955 tertia
1852 2933 1873 2953 in

1035 2975 1084 2997 libr.
1104 2975 1140 2997 lx.
1159 2981 1177 2997 0.
1197 2974 1217 3003 4,
1235 2978 1257 2998 01
1274 2975 1302 2997 X.
1323 2981 1342 2997 c.
1362 2975 1397 2997 lt.

1704 3019 1734 3041 62
