2215 3404
26 618 106 638 Differre
115 623 143 636 ra-

15 642 65 661 tione
75 643 103 660 est
112 642 145 660 tri-

14 665 94 689 pliciter.

24 1691 132 1710 Distinctio.

720 205 803 234 DIST.
826 205 915 233 XXVI.
936 205 1009 232 ART.
1033 205 1148 234 UNICUS
1170 206 1304 242 QUAEST.
1326 207 1344 234 Ι.

156 294 210 315 non
231 293 282 322 pro
304 285 371 322 ipsis
392 284 520 319 vocibus,
542 284 591 313 sed
612 292 663 321 pro
685 283 871 312 intellectibus
892 283 950 311 sive
969 283 1003 311 si-

156 332 291 370 gnificatis
312 331 468 369 importatis
489 339 540 368 per
561 331 609 359 illa
629 330 683 358 tria
707 330 828 358 nomina.
849 330 1002 366 Important

155 379 229 408 enim
259 378 295 407 ibi
316 379 508 416 proprietates.
541 377 609 405 Nam
630 376 700 405 solis
730 384 785 404 non
807 376 933 405 excludit
964 375 1001 404 ibi

155 426 333 463 proprietatis
367 425 535 459 veritatem,
567 424 614 453 sed
650 423 776 458 excludit
811 423 1000 452 diversitatem

155 472 261 501 formae
283 471 327 500 vel
349 471 519 500 substantiae
541 471 585 500 vel
606 474 730 499 naturae.

235 520 260 547 2.
282 519 321 547 Ad
342 518 412 547 illud
433 518 507 555 quod
530 518 659 546 obiicitur
674 517 708 546 de
727 517 909 551 Damascene,
925 517 1001 554 quod

156 566 289 595 differunt
317 565 407 594 solnm
437 565 543 593 ratione
552 576 559 599 ;
588 564 751 599 dicendum,
780 564 855 601 quod
884 563 1002 602 differre

155 613 270 642 ratione
290 615 331 641 est
360 611 522 648 tripliciter.
544 612 602 640 Uno
629 611 712 639 modo
738 619 754 639 a
783 613 862 648 parte
883 614 1002 639 nostrae

155 658 409 697 apprehensionis,
439 658 511 687 sicut
539 658 670 687 differunt
699 658 726 686 in
752 658 807 686 Deo
838 658 946 687 bonitas
974 661 1001 686 et

155 706 325 743 magnitudo.
340 705 398 734 Alio
419 705 503 734 modo
524 705 637 734 differre
657 705 764 733 ratione
785 707 827 733 est
844 705 1001 734 secundum

155 752 349 791 differentiam
371 751 588 785 attributionis,
611 752 676 788 quia
704 751 806 789 aliquis
827 752 928 781 modus
956 760 1001 788 po-

154 800 230 828 nitur
252 800 325 828 circa
346 806 435 827 unum
456 798 501 828 vel
522 798 686 827 attribuitur
703 798 765 832 uni,
787 798 833 835 qui
849 806 904 826 non
926 798 1000 827 attri-

154 847 251 876 buitur
278 846 376 881 alteri3
405 848 432 875 et
461 846 499 875 sic
528 845 661 874 differunt
687 845 794 874 ratione
823 845 946 874 essentia
974 848 1001 875 et

150 902 279 931 persona
307 897 334 922 et
366 892 450 921 notio.
474 892 565 921 Tertio
587 892 669 921 modo
698 892 811 921 differre
833 893 938 921 ratione
960 896 1001 922 est

155 941 268 970 differre
290 940 443 969 secundum
461 939 666 976 pluralitatem
688 939 899 973 distinotionis,
929 948 1001 977 quae

153 997 208 1018 non
229 987 335 1016 inducit
356 986 546 1015 diversitatem
568 986 594 1014 in
620 986 739 1015 essentia
766 986 810 1014 vel
832 990 944 1021 natura,
965 990 1002 1015 ta-

154 1044 217 1065 men
240 1025 344 1064 tantam
365 1034 471 1062 inducit
492 1033 692 1067 differentiam,
724 1034 799 1071 quod
829 1042 918 1063 unum
947 1043 1001 1063 non

155 1083 257 1112 dicitur
279 1082 313 1110 de
341 1081 441 1115 altero;
463 1084 490 1109 et
518 1081 557 1109 sic
579 1080 672 1109 differt
700 1081 806 1110 ratione
829 1090 958 1118 persona
986 1090 1002 1110 a

152 1137 280 1166 persona
306 1131 332 1157 et
350 1128 519 1165 proprietas
539 1135 555 1155 a
575 1127 763 1164 proprietate.
787 1128 817 1157 Et
838 1129 929 1166 prima
944 1130 1002 1166 qui-

155 1176 219 1205 dem
234 1174 388 1204 differentia
409 1174 564 1203 secundmn
580 1174 714 1203 rationem
737 1177 778 1203 est
792 1175 919 1210 minima,
935 1176 1000 1213 quia

154 1222 224 1251 nihil
245 1221 270 1251 ei
292 1221 441 1258 respondet
462 1229 478 1249 a
505 1224 585 1257 parte
607 1221 646 1249 rei
654 1232 661 1255 3
684 1221 732 1249 sed
754 1221 869 1250 ultimae
890 1230 1002 1259 respon-

154 1269 209 1298 det.
231 1269 289 1297 Non
304 1268 365 1297 vult
385 1276 451 1305 ergo
466 1268 654 1296 Damascenus
676 1268 802 1297 dividere
821 1277 883 1296 rem
904 1272 1000 1298 contra

153 1315 313 1349 rationem,
342 1314 395 1343 nisi
423 1314 579 1343 secundum
608 1314 682 1351 quod
710 1323 757 1343 res
785 1315 920 1352 accipitur
948 1324 999 1352 pro

152 1366 286 1396 natara;
306 1369 356 1390 nec
377 1361 461 1390 etiam
482 1361 521 1390 sic
542 1361 655 1390 omnino
677 1361 791 1396 dividit,
813 1362 860 1391 sed
883 1362 961 1399 quasi
983 1371 999 1391 a

152 1409 299 1447 principali
321 1408 488 1437 denominat.
511 1408 578 1436 Nam
607 1408 634 1436 in
660 1409 796 1437 creaturis
824 1417 879 1437 non
907 1409 998 1438 solum

153 1458 195 1485 est
216 1455 400 1485 communitas
418 1455 578 1484 ‘rationalis
591 1455 615 1489 ¹,
634 1455 719 1484 immo
735 1456 817 1484 etiam
839 1456 998 1484 naturalis.

153 1503 220 1531 Nam
242 1503 340 1531 Petrus
361 1505 388 1531 et
403 1502 504 1531 Paulus
519 1510 572 1530 non
589 1505 698 1531 tantum
719 1502 746 1531 in
768 1503 882 1532 ratione
904 1511 1000 1532 conve-

152 1550 247 1584 niunt,
269 1549 317 1578 sed
339 1549 422 1577 etiam
444 1549 471 1577 in
492 1553 605 1577 natura
627 1550 783 1578 communi.

232 1595 257 1625 3.
278 1595 317 1624 Ad
346 1595 416 1624 illud
445 1595 520 1632 quod
541 1595 686 1631 obiicitur,
715 1596 790 1633 quod
819 1597 907 1626 haec²
928 1597 999 1626 tollit

153 1651 293 1672 summam
315 1642 535 1679 simplicitatem3
556 1643 722 1677 dicendum,
744 1644 819 1680 quod
844 1644 999 1673 disserent-ia

153 1690 268 1719 rationis
288 1690 434 1727 quaedam
465 1689 600 1718 fundatur
628 1698 713 1727 super
741 1691 807 1727 quid
834 1691 999 1720 absolutam

153 1737 212 1766 sive
240 1736 421 1765 substantiale
449 1736 507 1765 sive
534 1737 719 1771 accidentale,
747 1738 886 1774 quaedam
914 1746 999 1775 super

153 1787 314 1820 respectum
343 1783 401 1811 sive
437 1783 550 1811 modum
574 1791 603 1812 se
632 1783 760 1812 habendi.
785 1784 814 1812 Et
839 1784 930 1821 prima
951 1785 999 1814 dif-

153 1829 268 1858 ferentia
289 1829 401 1858 0010100
423 1833 560 1867 repugnat
581 1830 765 1867 simplicitati,
787 1834 813 1860 et
834 1839 888 1860 non
910 1835 999 1869 potest

152 1884 213 1905 esse
235 1876 261 1904 in
283 1876 355 1908 De0;
384 1876 507 1905 secunda
535 1884 601 1905 vero
622 1885 677 1905 non
705 1881 850 1915 repugnat.
873 1878 941 1906 Nam
962 1878 999 1907 vi-

153 1922 268 1957 demus,
291 1926 448 1960 respectum
478 1923 600 1960 aliquem
622 1924 656 1952 de
684 1932 756 1953 novo
777 1933 837 1953 esse
859 1925 932 1954 circa
953 1926 999 1954 ali-

152 1969 235 2006 quid,
257 1969 304 1998 illo
326 1969 403 1998 nullo
426 1969 508 1998 modo
530 1973 636 1999 mutato
647 1970 664 1998 ³.
681 1971 814 2000 Videmus
835 1972 931 2007 etiam,
953 1973 999 2000 ali-

153 2016 220 2053 quid
235 2016 339 2045 habere
360 2017 457 2054 plures
471 2020 631 2054 respectus,
652 2017 712 2055 ipso
728 2018 786 2047 sine
801 2019 998 2056 compositione

152 2063 296 2092 existente.
312 2063 467 2092 Dicendum
488 2071 567 2100 ergo,
582 2065 657 2101 quod
672 2065 855 2101 proprietates
870 2073 999 2102 persona-

153 2110 192 2139 les
211 2113 276 2139 sunt
290 2110 479 2147 respectivae,
501 2119 555 2139 non
570 2111 734 2145 absolutae;
756 2116 783 2141 et
797 2112 859 2141 ideo
880 2116 997 2149 possunt

1845 210 1902 238 453

1059 283 1172 311 differre
1187 284 1292 312 ratione
1306 287 1498 321 respectuum3
1517 286 1583 322 quia
1597 294 1715 322 persona
1727 288 1902 324 suppositum

1059 329 1117 357 sive
1138 330 1310 367 hypostasim
1331 331 1410 365 dicit,
1432 332 1480 360 sed
1502 332 1657 369 proprietas
1679 333 1745 362 dicit
1766 334 1903 363 habitudi-

1059 385 1123 405 nem
1144 378 1177 405 ad
1201 377 1329 406 alterum.

1137 425 1163 453 4.
1181 425 1220 453 Ex
1236 425 1288 454 1106
1312 428 1387 462 patet
1401 433 1528 462 sequens.
1545 427 1615 463 Quia
1630 427 1703 455 enim
1719 428 1902 464 proprietates

1059 471 1222 499 essentiales
1237 475 1302 499 sunt
1316 472 1472 507 absolutae,
1487 481 1541 501 non
1560 477 1676 510 possunt
1691 474 1783 503 dicere
1799 475 1901 503 realem

1059 517 1256 552 differentiam,
1278 519 1331 547 nisi
1356 519 1531 547 essentialem
1553 520 1686 554 habeant3
1707 523 1734 549 et
1755 521 1816 550 ideo
1845 522 1902 550 solo

1058 564 1141 592 modo
1162 564 1294 601 loquendi
1317 565 1457 593 differunt.
1474 565 1530 594 Non
1552 566 1591 594 516
1606 567 1789 603 proprietates
1806 576 1903 604 perso-

1057 610 1147 639 nales.
1163 611 1239 640 Unde
1253 612 1438 648 proprietates
1452 613 1613 642 essentiales
1627 614 1739 642 omnino
1758 617 1903 644 transeunt

1058 658 1084 686 in
1106 658 1271 693 essentiam,
1293 659 1342 687 sed
1362 660 1523 696 personales
1545 668 1608 688 non.

1137 707 1163 734 5.
1186 706 1222 734 ad
1236 706 1307 735 illud
1323 706 1398 743 quod
1412 706 1554 742 obiicitur,
1576 708 1650 744 quod
1665 708 1784 737 essentia
1798 717 1827 737 se
1842 709 1902 746 ipsa

1057 752 1190 787 resertur3
1213 752 1378 788 dicendum,
1400 753 1474 790 quod
1489 755 1612 783 essentia
1633 755 1727 784 divina
1740 763 1795 784 non
1813 758 1903 793 potest
1913 759 2042 801 Effinn'qsset

1057 799 1156 828 referri
1178 799 1230 828 nisi
1245 800 1280 828 ad
1301 800 1383 828 aliam
1407 801 1570 836 essentiamg
1592 802 1627 830 ad
1642 802 1717 830 illam
1739 806 1832 831 autem
1847 811 1901 832 non
1929 808 1962 824 611·-
1995 788 2004 801 e
2025 788 2043 801 r-

1057 845 1192 880 refertur,
1214 846 1344 883 quoniam
1366 846 1464 875 relatio
1485 847 1551 876 dicit
1569 848 1695 877 ordinem
1717 852 1744 877 et
1765 849 1903 878 habitudi-

1058 900 1130 921 nem.
1146 892 1221 921 Sicut
1242 895 1336 921 autem
1351 893 1412 921 vult
1432 893 1617 931 Philosophus
1628 894 1648 922 ⁴¹:
1677 907 1688 918 «
1702 895 1777 924 Deus
1791 904 1846 924 non
1861 904 1903 924 or-

1058 939 1171 968 dinatur
1186 939 1221 968 ad
1243 947 1301 974 res,
1317 940 1366 968 sed
1387 948 1432 969 res
1447 941 1482 969 ad
1504 941 1596 977 ipsum
1612 954 1622 965 »
1638 952 1645 975 3
1667 945 1694 970 et
1709 941 1771 970 ideo
1792 950 1846 970 non
1861 945 1902 971 est

1058 987 1095 1016 ibi
1112 987 1208 1015 relatio
1222 987 1273 1015 nisi
1290 987 1348 1016 solo
1371 988 1452 1016 modo
1468 988 1607 1025 loquendi.
1624 989 1676 1018 Sed
1692 997 1754 1018 cum
1774 998 1902 1026 persona

1058 1035 1093 1063 ad
1114 1042 1263 1071 personam
1285 1034 1420 1070 refertur,
1441 1035 1478 1063 ibi
1496 1043 1561 1064 vere
1583 1039 1624 1064 est
1645 1036 1714 1065 ordo
1735 1036 1861 1073 originis,
1876 1040 1903 1066 et

1058 1082 1120 1110 ideo
1152 1081 1302 1116 habitudO,
1330 1084 1358 1110 et
1389 1082 1451 1110 ideo
1479 1090 1546 1111 vera
1568 1082 1673 1111 relatio.
1703 1083 1733 1111 Et
1761 1083 1800 1112 sic
1828 1086 1903 1120 patet

1057 1129 1137 1158 illud.

1136 1178 1161 1205 6.
1183 1176 1222 1204 Ad
1237 1176 1307 1205 illud
1323 1176 1397 1213 quod
1412 1176 1550 1211 obiicitur,
1566 1177 1641 1214 quod
1656 1180 1786 1206 creatura
1800 1185 1829 1207 se
1842 1178 1901 1215 ipsa

1057 1223 1212 1257 retertur⁵3
1234 1223 1399 1257 dicendum,
1415 1223 1489 1260 quod
1504 1221 1615 1260 referri
1633 1232 1663 1252 se
1677 1224 1739 1260 ipso
1760 1227 1850 1261 potest
1864 1225 1902 1253 in·
1914 1227 2000 1269 ,lssgsegti
2010 1232 2043 1269 ,55

1056 1270 1141 1306 telligi
1171 1269 1335 1307 tripliciter:
1358 1272 1407 1298 aut
1427 1270 1493 1306 quia
1521 1270 1592 1298 inter
1620 1270 1657 1299 rei
1688 1274 1845 1308 respectum
1874 1275 1901 1301 et
1914 1256 1996 1297 rp'icitffl'·

1056 1316 1204 1345 essentiam
1227 1324 1278 1344 non
1301 1316 1375 1345 cadit
1395 1317 1536 1350 inedium.
1558 1317 1623 1354 quia
1638 1317 1703 1354 ipsa
1725 1319 1847 1347 essentia
1862 1328 1901 1348 es-

1055 1363 1215 1392 sentialiter
1230 1363 1378 1400 deponam
1393 1366 1420 1392 et
1435 1363 1473 1392 sic
1495 1364 1607 1400 quidem
1630 1365 1770 1401 reperitur
1785 1366 1813 1394 in
1828 1374 1901 1395 crea-

1058 1410 1134 1439 turis.
1157 1410 1200 1438 Sic
1221 1410 1295 1438 enim
1316 1410 1438 1438 refertur
1466 1410 1583 1439 materia
1604 1411 1639 1439 ad
1661 1411 1778 1440 formam
1802 1415 1828 1441 et
1849 1413 1901 1441 sor-

1056 1465 1102 1485 ma
1129 1457 1164 1485 ad
1195 1457 1354 1491 materiam,
1382 1457 1458 1485 unde
1486 1457 1552 1485 dicit
1577 1457 1795 1495 Philosophus0,
1826 1459 1901 1496 quod

1060 1516 1073 1530 «
1088 1504 1204 1533 materia
1225 1504 1277 1533 hoc
1292 1504 1384 1541 ipsum
1407 1504 1481 1541 quod
1505 1504 1595 1533 estad
1617 1505 1736 1533 alterum
1752 1508 1794 1534 est
1814 1517 1841 1540 »3
1864 1509 1901 1535 ta-

1056 1558 1119 1579 men
1141 1558 1191 1579 nec
1221 1550 1336 1578 materia
1362 1553 1494 1579 65150115
1525 1554 1684 1588 respectus,
1717 1560 1767 1581 nec
1799 1552 1899 1587 forma,

1056 1597 1122 1634 quia
1154 1605 1208 1624 non
1239 1596 1342 1625 habent
1373 1597 1561 1625 omnimodam
1595 1597 1808 1635 simplicitatem.
1844 1599 1901 1627 Alio

1056 1645 1139 1673 modo
1161 1647 1202 1673 est
1222 1642 1333 1681 referri
1351 1652 1381 1672 se
1401 1644 1473 1681 ipso,
1495 1644 1560 1681 quia
1581 1644 1653 1673 inter
1674 1645 1702 1673 id
1724 1646 1798 1682 quod
1819 1646 1902 1675 refer-

1056 1695 1102 1720 tur
1117 1694 1144 1720 et
1158 1699 1241 1720 suum
1263 1691 1460 1720 correlativum
1476 1700 1529 1719 non
1545 1692 1619 1720 cadit
1633 1692 1747 1729 aliquod
1763 1693 1899 1728 medium.

1056 1739 1131 1776 quod
1151 1747 1210 1767 non
1230 1739 1268 1767 sit
1288 1738 1415 1766 alteram.
1436 1747 1555 1772 eorunm
1576 1741 1602 1767 et
1623 1739 1662 1768 sic
1678 1739 1757 1768 Pater
1779 1740 1900 1769 refertur

1056 1795 1085 1815 se
1106 1787 1166 1823 ipso
1180 1786 1215 1814 ad
1237 1785 1350 1819 Filium,
1373 1787 1400 1814 et
1414 1793 1429 1813 e
1451 1793 1593 1813 converso.
1608 1785 1676 1813 Nam
1699 1786 1777 1814 Pater
1795 1790 1835 1815 est
1851 1795 1900 1815 sua

1056 1834 1226 1871 paternitas,
1257 1835 1284 1861 et
1304 1832 1357 1861 1106
1387 1835 1501 1869 propter
1523 1840 1662 1860 summam
1687 1833 1899 1869 simplicitatem.

1056 1880 1147 1909 Tertio
1170 1879 1252 1908 modo
1267 1877 1376 1915 referri
1388 1887 1418 1907 se
1431 1878 1493 1915 ipso
1508 1881 1561 1913 est,
1584 1879 1648 1916 quia
1663 1879 1756 1916 ipsum
1770 1879 1844 1916 quod
1861 1887 1901 1908 re-

1056 1927 1145 1955 fertur
1160 1935 1218 1954 non
1238 1929 1279 1954 est
1292 1925 1353 1953 nisi
1366 1925 1469 1953 relatio
1485 1929 1512 1954 et
1528 1928 1670 1962 respectus
1684 1933 1787 1962 purusg
1802 1929 1829 1954 et
1848 1926 1900 1954 hoc

1055 1976 1097 2002 est
1112 1972 1281 2010 impossibile
1296 1980 1356 2001 esse
1371 1980 1461 2009 neque
1477 1972 1503 2000 in
1519 1972 1576 2000 Deo
1597 1980 1688 2009 neque
1710 1973 1737 2000 in
1759 1976 1899 2007 creatura.

1056 2020 1129 2057 qnia,
1142 2020 1213 2048 sicut
1225 2019 1290 2048 dicit
1305 2019 1474 2056 Augustinus
1485 2019 1503 2053 ⁷,
1520 2027 1622 2047 «omne
1637 2020 1711 2056 quod
1724 2019 1844 2048 refertur
1854 2022 1900 2048 -est

1055 2067 1173 2104 aliquid.
1191 2069 1308 2103 excepto
1329 2074 1361 2094 eo
1380 2066 1455 2103 quod
1470 2066 1585 2094 relative
1607 2066 1709 2094 dicitur
1724 2077 1755 2100 »ς
1777 2066 1899 2103 alioquin

1055 2113 1196 2142 relationis
1217 2116 1290 2142 esset
1317 2112 1414 2141 relatio
1427 2112 1445 2139 ³.
1469 2113 1499 2141 Et
1528 2112 1565 2140 ita
1590 2115 1679 2149 patet,
1708 2113 1782 2150 quod
1810 2113 1900 2141 omnis

217 2319 222 2333 ¹
242 2319 291 2341 Vat.
309 2323 387 2342 contra
405 2320 473 2342 codd.
490 2324 511 2343 et
529 2324 574 2343 tres
590 2322 677 2349 primas
694 2322 746 2344 cdd.
765 2322 871 2345 rationis.

216 2358 225 2372 2
244 2359 343 2386 Supplex
362 2358 495 2382 differentia.

215 2396 225 2411 3
242 2397 354 2425 intellige:
372 2399 514 2427 mutatione,
532 2405 601 2427 quam
620 2399 698 2422 dieunt
714 2399 747 2422 (td
762 2406 786 2423 se
803 2401 851 2423 sive
869 2401 997 2423 secundum

153 2435 254 2464 aliquam
272 2436 387 2458 entitatem
400 2436 536 2459 absolutam.
548 2437 581 2460 De
594 2444 638 2466 qua
650 2445 675 2460 re
687 2439 813 2467 0111306111,
825 2439 854 2461 de
867 2440 928 2461 Trin⁴
941 2446 960 2462 6.
974 2439 998 2462 5:

153 2474 202 2501 Age
218 2475 294 2502 enim,
313 2476 355 2497 stet
381 2476 518 2504 quisquam;
544 2477 565 2498 ei
590 2477 660 2505 igitur
684 2477 703 2499 si
721 2477 831 2499 accedam
849 2477 939 2506 dexter,
957 2479 999 2501 erit

153 2512 189 2534 ille
206 2513 296 2535 sinister
313 2513 342 2535 ad
360 2519 397 2536 me
415 2517 574 2543 comparatum
593 2521 638 2537 non
656 2516 719 2544 quod
737 2516 773 2538 ille
790 2517 839 2544 ipse
857 2518 946 2539 sinister
963 2518 997 2546 sit,

153 2552 194 2574 sed
211 2552 275 2581 quod
292 2559 336 2581 ego
355 2553 433 2575 dexter
451 2555 593 2576 accesserim.
617 2555 706 2577 Rursus
732 2562 776 2583 ego
793 2557 884 2578 sinister
901 2557 997 2585 accedo,

153 2591 207 2613 item
225 2591 248 2613 nt
266 2592 301 2614 ille
318 2591 408 2620 dexter,
427 2599 472 2615 non
490 2593 552 2622 quod
570 2594 599 2615 ita
611 2595 639 2616 sit
651 2600 693 2622 per
709 2601 733 2616 se
751 2594 840 2623 dexter,
859 2596 921 2618 velut
933 2596 998 2618 albus

154 2635 180 2652 06
197 2630 292 2658 longus,
310 2631 352 2653 sed
369 2631 432 2660 quod
455 2638 492 2653 016
518 2632 640 2655 accedente
658 2633 682 2655 sit
700 2633 789 2661 dexter,
808 2637 877 2663 atque
894 2635 918 2657 id
935 2635 998 2663 quod

154 2671 199 2696 est,
217 2675 229 2691 a
247 2675 284 2691 me
301 2672 323 2692 et
340 2676 366 2692 ex
383 2676 421 2692 me
437 2674 483 2698 est,
509 2671 603 2693 minime
627 2678 684 2694 vero
710 2678 736 2694 ex
762 2679 819 2695 sese.
846 2673 920 2701 Quare
939 2680 998 2702 quae

154 2706 282 2729 secundum
299 2708 331 2729 rei
349 2708 456 2736 alicuius,
474 2709 497 2730 in
514 2715 542 2731 eo
559 2709 623 2738 qnod
640 2711 688 2738 ipsa
706 2713 753 2739 est,
772 2712 935 2739 proprietatem
953 2718 998 2734 non

154 2746 238 2768 faciunt
254 2746 464 2776 praedicationem,
483 2748 537 2770 nihil
554 2749 666 2771 alternare
684 2750 719 2771 vel
737 2752 826 2772 mutare
848 2754 934 2779 queunt
952 2751 998 2773 nul-

155 2784 247 2812 lamque
265 2786 358 2807 omnino
375 2787 465 2808 variare
482 2788 610 2810 essentiam.

216 2821 225 2836 ⁴¹
242 2822 290 2845 Lib.
309 2823 354 2845 xit.
372 2824 470 2852 llletaph.
488 2827 539 2847 text.
558 2825 595 2848 52.
621 2826 668 2852 (xl.
686 2833 705 2849 6.
725 2827 783 2856 11().);
805 2828 852 2850 Non
871 2829 931 2850 enim
949 2829 998 2856 ipse

156 2860 211 2889 (dux
229 2862 340 2890 universi)
358 2865 453 2890 propter
464 2864 580 2892 ordinem,
593 2871 674 2887 verum
687 2865 744 2888 ordo
756 2869 852 2894 propter
868 2868 945 2895 ipsum
957 2871 997 2889 est.

217 2900 227 2915 ⁵
244 2901 331 2929 Supple
348 2907 401 2937 cum
419 2902 485 2925 codd.
506 2903 555 2925 VX
572 2903 604 2926 acl
620 2904 702 2927 Deum.

216 2939 225 2954 ὓ
242 2940 290 2962 Lib.
309 2941 331 2963 ll.
350 2941 415 2969 Phys.
435 2944 487 2964 text.
501 2943 537 2965 26.
552 2943 580 2971 (c.
599 2944 642 2971 2.):
663 2952 673 2963 α
686 2944 770 2967 Eorum
789 2951 848 2973 quae
866 2945 895 2967 ad
912 2946 999 2974 aliquid

156 2980 249 3001 materia
267 2982 312 3008 est;
325 2979 354 3001 ad
363 2980 430 3002 aliam
443 2981 503 3002 enim
516 2981 613 3004 sormam
626 2982 668 3004 alia
681 2984 783 3005 materia.
797 2992 807 3003 »
823 2984 844 3005 ln
858 2984 908 3006 libr.
921 2987 998 3007 01116111

1056 2324 1084 2346 (16
1103 2324 1241 2346 Praedicam.
1260 2329 1279 2345 e.
1298 2323 1325 2346 de
1346 2322 1466 2346 Relatione
1488 2323 1579 2345 Aristot.
1606 2323 1699 2345 relativa
1717 2324 1766 2345 sire.
1789 2330 1815 2345 60
1840 2330 1899 2352 quae

1055 2364 1108 2384 sunt
1124 2362 1153 2385 ad
1170 2362 1256 2391 aliquid
1274 2361 1366 2384 delinit:
1384 2361 1549 2390 Quaecumque
1561 2362 1617 2383 haec
1634 2362 1682 2389 ipsa
1700 2368 1760 2390 quae
1771 2363 1830 2389 sunt,
1849 2362 1899 2384 alio-

1054 2408 1107 2424 rum
1124 2408 1174 2424 esse
1192 2402 1298 2424 dicuntur
1315 2401 1351 2423 vel
1370 2401 1545 2430 quomodolibet
1557 2401 1620 2423 aliter
1633 2401 1662 2423 ad
1674 2401 1777 2423 alterum.
1789 2414 1820 2418 ——
1834 2402 1899 2424 Plura

1056 2440 1083 2463 dc
1101 2447 1128 2463 60
1151 2440 1214 2469 quod
1239 2446 1281 2463 nec
1305 2441 1400 2462 materia
1419 2446 1460 2462 nec
1478 2440 1550 2462 forma
1571 2440 1599 2462 sit
1617 2446 1673 2462 suus
1690 2443 1820 2467 respectus,
1846 2440 1899 2462 vide

1054 2486 1125 2507 supra
1138 2479 1159 2502 d.
1173 2480 1193 2501 3.
1206 2486 1229 2507 p.
1242 2479 1264 2501 ll.
1278 2486 1299 2508 q.
1313 2479 1333 2501 3.
1352 2479 1381 2501 ad
1398 2485 1452 2507 opp.
1467 2479 1487 2501 4.
1506 2485 1547 2501 1166
1564 2485 1608 2501 non
1621 2480 1693 2506 ipsius
1710 2480 1776 2501 solut.
1788 2485 1842 2507 pag.
1861 2479 1898 2501 87.

1053 2531 1084 2535 -—
1095 2519 1164 2541 Paulo
1176 2519 1269 2541 interius
1285 2521 1337 2547 post
1349 2524 1430 2540 vocem
1442 2517 1522 2547 forma
1534 2517 1584 2540 Vnt.
1597 2524 1650 2540 cum
1664 2518 1714 2540 cod.
1728 2524 1759 2546 66,
1772 2518 1821 2540 01115
1830 2518 1897 2540 codd.

1054 2560 1076 2580 et
1093 2558 1128 2580 ed.
1148 2558 1155 2579 l
1185 2557 1368 2586 refragantibus,
1394 2558 1474 2585 repetit
1492 2558 1526 2579 est
1541 2562 1600 2580 suus
1617 2558 1743 2586 respectus,
1763 2560 1784 2580 et
1800 2557 1898 2580 subinde

1055 2603 1097 2625 pro
1114 2596 1199 2619 liabent
1216 2596 1332 2619 substituit
1348 2595 1422 2619 habel.

1116 2636 1126 2650 ⁷
1143 2635 1203 2658 Libr.
1221 2636 1265 2657 Vll.
1284 2635 1312 2658 de
1330 2636 1393 2657 Trin.
1411 2641 1430 2657 c.
1449 2635 1468 2656 l.
1487 2641 1507 2656 11.
1527 2635 1553 2656 ⁶2:
1572 2634 1650 2656 Omnis
1667 2635 1771 2663 essentia⁷
1790 2641 1848 2663 quae
1866 2641 1898 2657 re-

1055 2674 1122 2695 lative
1148 2674 1243 2701 dieitur,
1269 2676 1303 2696 est
1320 2674 1387 2695 etiam
1409 2673 1502 2701 aliquid,
1530 2676 1625 2701 excepto
1647 2673 1748 2695 relativo.
1767 2672 1812 2695 Csr.
1829 2674 1897 2695 etiam

1054 2712 1091 2733 Xl.
1110 2712 1137 2734 de
1155 2711 1202 2734 civ.
1220 2712 1272 2740 Dei,
1292 2718 1311 2735 c.
1329 2712 1480 2734 l0.-Paulo
1497 2713 1604 2739 superins
1617 2715 1668 2739 post
1681 2712 1799 2740 respectus
1811 2711 1862 2733 cod.
1878 2711 1895 2733 T

1055 2752 1167 2773 interserit
1184 2751 1223 2773 est.

1117 2789 1126 2804 δ’
1142 2789 1209 2817 Quod
1221 2792 1254 2811 ost
1266 2789 1414 2817 impossibile.
1427 2788 1471 2811 Csr.
1484 2789 1582 2817 Ariston,
1596 2789 1623 2811 V.
1638 2789 1703 2816 Phys.
1717 2791 1769 2811 text.
1783 2789 1819 2810 10,
1832 2795 1896 2817 seqq.

1055 2829 1087 2855 (c.
1106 2829 1148 2857 2.),
1166 2828 1206 2850 11111
1223 2834 1261 2850 sex
1279 2828 1405 2850 rationibus
1423 2828 1476 2850 huic
1493 2828 1567 2849 simile
1585 2827 1679 2855 probat,
1697 2828 1745 2850 scil.
1763 2830 1840 2849 motus
1852 2833 1896 2849 non

1054 2873 1103 2889 esse
1121 2870 1208 2888 motum
1227 2872 1269 2889 nec
1287 2867 1440 2894 generationis
1457 2866 1630 2894 generationem
1649 2872 1690 2888 nec
1707 2866 1802 2888 omnino
1823 2869 1897 2887 muta-

1055 2906 1121 2928 tionis
1138 2906 1294 2928 mutationem.
1313 2905 1361 2927 Una
1379 2906 1435 2927 ratio
1453 2908 1498 2932 est,
1517 2904 1580 2933 quod
1598 2905 1616 2926 si
1635 2905 1766 2926 mutationis
1778 2906 1896 2926 6556111111-

1055 2945 1119 2971 tatio,
1137 2944 1271 2966 statuendus
1288 2946 1348 2966 esset
1365 2949 1487 2971 processus
1505 2943 1526 2964 in
1544 2943 1668 2971 infinitum,
1688 2943 1726 2971 qui
1743 2946 1864 2970 repugnat.
