2215 3404
1037 169 1288 198 SENTENTIARUM
1310 168 1370 197 ΜΒ.
1392 168 1409 196 l.

1106 328 1269 366 QUAESTIO
1291 329 1331 356 iu.

872 462 976 490 Utrum.
1000 462 1029 490 m
1050 461 1160 489 divinis
1180 461 1218 489 sit
1236 469 1344 498 ponere
1365 459 1571 497 appropriata.

425 666 516 694 Tertio
537 665 692 703 quaeritur,
715 668 811 693 utrum
834 664 861 692 in
890 663 992 692 divinis
1023 663 1057 692 sit
1088 670 1192 700 ponere

347 713 610 750 appropriationem.
635 713 664 740 Et
685 712 760 749 quod
782 712 840 746 sic,
862 711 985 740 videtur:

431 761 453 788 1.
475 760 546 796 Quia
567 768 617 797 per
639 759 799 788 communia
820 761 861 787 est
881 758 1014 787 devenire
1036 758 1062 786 in
1089 757 1193 786 intelle-

206 810 423 835 Fuudamenia-ctum
445 807 641 844 propriorum,
656 806 728 835 sicut
747 809 836 843 patet,
852 805 927 843 quod
943 813 993 842 per
1008 804 1192 837 memoriam,

348 853 566 891 intelliyentictm
598 857 625 882 et
660 852 835 881 volantatem
862 852 974 881 venitur
1006 851 1033 879 in
1065 850 1194 887 cognitio-

348 908 411 928 nem
434 900 594 931 Trinitatis:
616 899 744 928 similiter
766 907 816 936 per
837 899 996 932 unitatem,
1019 905 1068 934 per
1092 896 1194 925 uerita-

349 950 404 975 tem
425 950 452 975 et
473 947 645 980 bonitatem,
662 946 689 974 iu
703 946 807 983 quibus
828 945 953 974 consistit
968 944 1038 973 ratio
1053 943 1193 980 vestigii¹;

349 994 397 1022 sed
420 1002 473 1022 nou
496 994 644 1022 devenitur
665 1002 681 1021 a
703 993 901 1022 communibus
921 992 957 1020 ad
983 992 1113 1029 propria,
1141 991 1193 1019 nisi

349 1040 507 1069 communia
528 1040 622 1077 aliquo
655 1040 737 1068 modo
765 1039 998 1076 approprientur:
1031 1046 1095 1066 eum
1128 1045 1194 1074 ergo

349 1088 384 1116 sit
405 1088 537 1116 devenire
560 1088 586 1115 in
601 1087 704 1115 divinis
719 1095 770 1124 per
784 1086 943 1115 communia
959 1086 994 1114 ad
1010 1085 1194 1122 cognitionem

348 1135 467 1171 proprii.
489 1138 530 1163 est
551 1134 587 1162 ibi
610 1133 808 1170 appropriatio.

429 1183 455 1210 ⁹2.
479 1181 558 1215 item,
579 1181 614 1209 ad
637 1181 689 1209 hoc
711 1182 752 1208 est
773 1179 925 1207 auctoritas
946 1186 1042 1207 sacrae
1074 1178 1196 1215 Scriptu-

350 1237 413 1263 rae,
434 1236 506 1265 quae
528 1227 691 1264 appropriat
712 1226 872 1255 communia
895 1225 1036 1262 personis,
1058 1228 1089 1253 ut
1104 1228 1197 1262 poten-

350 1276 416 1304 tiam
440 1274 530 1308 Patri,
562 1273 725 1310 sapientiam
756 1272 821 1301 Filio
847 1275 873 1301 et
902 1272 1052 1300 bonitatem
1081 1271 1196 1308 Spiritui

351 1325 446 1350 sancto
458 1321 477 1348 ⁴².

429 1369 481 1396 SED
500 1375 620 1396 CONTRA:
640 1368 663 1395 l.
680 1366 755 1395 Sicut
770 1374 799 1395 se
814 1365 898 1394 babet
913 1366 1059 1403 proprium
1075 1366 1108 1394 ad
1126 1374 1197 1395 com-

221 1423 453 1451 Adopposi-lllllne,
476 1415 512 1442 ita
544 1422 692 1442 commune
713 1414 748 1442 ad
778 1413 943 1450 proprium3
973 1413 1021 1441 sed
1049 1413 1195 1450 proprium

351 1470 404 1490 non
426 1464 515 1498 potest
536 1460 736 1489 communicari
765 1460 817 1488 nisi
839 1460 922 1488 falso:
953 1468 1019 1496 ergo
1048 1468 1098 1488 nee
1127 1468 1198 1488 com-

352 1517 436 1537 mune
457 1508 642 1545 appropriari.
664 1508 739 1536 Sicut
760 1515 827 1544 ergo
853 1508 998 1544 proprium
1021 1507 1109 1535 Patris
1130 1515 1198 1535 nuu-

352 1564 436 1593 quam
467 1555 529 1584 aliis
556 1555 587 1583 fit
615 1562 783 1588 commune,
813 1554 852 1583 sic
881 1562 931 1583 uec
960 1562 1109 1583 commune
1136 1563 1198 1591 pro-

258 1453 302 1469 lum.

352 1603 455 1640 prium.

429 1651 455 1678 ⁹2.
477 1650 563 1679 Item.
585 1649 606 1677 si
629 1651 670 1677 est
692 1648 882 1685 appropriatio
904 1648 930 1676 in
954 1648 1071 1683 divinis,
1094 1651 1142 1676 aut
1157 1651 1198 1677 est

350 1697 505 1726 seeundum
521 1704 596 1729 rem,
612 1698 661 1724 aut
676 1695 833 1724 secundum
849 1694 1037 1723 intellectum:
1059 1695 1081 1723 si
1103 1703 1198 1723 secun-

350 1744 418 1773 dum
433 1752 513 1776 *reim
535 1743 583 1772 sed
599 1743 647 1771 ubi
657 1743 666 1757 ³
681 1746 722 1771 est
743 1742 934 1779 appropriatio
949 1742 1104 1771 secundum
1125 1751 1196 1775 rem,

349 1790 455 1827 aliquid
470 1798 520 1827 per
532 1790 611 1827 prius
626 1789 729 1818 dicitur
741 1789 775 1817 de
791 1789 837 1817 illo
849 1789 893 1817 cui
906 1789 1117 1826 appropriatur:
1131 1796 1197 1825 ergo

350 1838 377 1865 in
389 1837 491 1866 divinis
503 1840 544 1865 est
556 1836 634 1873 prius
646 1839 673 1864 et
684 1836 824 1873 posterius
836 1838 972 1872 quantum
984 1836 1019 1864 ad
1032 1836 1197 1869 essentialia,

350 1884 425 1921 quod
455 1887 495 1912 est
524 1882 727 1912 inconveniens.
757 1882 783 1910 Si
816 1882 971 1910 secundun]
1004 1881 1198 1915 intellectum,-

350 1931 399 1959 sed
414 1929 570 1959 intellectus
586 1929 624 1957 illi
640 1928 816 1966 appropriat.
837 1929 881 1957 cui
904 1929 992 1965 magis
1015 1928 1119 1957 iudicat
1138 1937 1199 1957 con-

351 1977 460 2006 venire:
477 1984 544 2013 ergo
558 1984 621 2005 euin
639 1975 728 2013 magis
750 1975 854 2004 iudicet
875 1975 1032 2004 intellectus
1055 1976 1144 2004 inesse
1160 1983 1199 2004 sa·
1226 1990 1228 2020 .'

353 2023 485 2060 pientiam
507 2023 578 2051 Patri
603 2026 735 2059 tanquam
757 2022 923 2059 antiquiori,
940 2022 977 2050 illi
998 2022 1081 2051 debet
1102 2030 1200 2059 appro-

351 2070 446 2107 priari.
467 2069 520 2098 Sed
534 2069 733 2106 appropriatur
755 2069 780 2097 in
804 2069 991 2097 contrarium:
1015 2076 1081 2105 ergo
1102 2077 1200 2105 appro-

352 2117 451 2153 priatio
473 2119 514 2145 est
536 2119 632 2144 contra.
654 2115 843 2144 intellectum:
867 2123 921 2143 non
951 2123 1017 2152 ergo
1045 2115 1199 2143 attenditur

354 2163 508 2192 secundum
531 2162 711 2191 intellectum.

432 2209 457 2237 3.
479 2209 562 2243 item,
584 2209 630 2237 ubi
658 2212 699 2237 est
731 2208 940 2245 appropriatio,
968 2208 1068 2245 prius⁴
1094 2212 1135 2237 est
1161 2217 1201 2238 se·
1227 2205 1229 2216 ⁵

355 2256 479 2285 cundum
501 2256 635 2284 rationem
654 2255 825 2292 intelligendi
840 2255 987 2291 proprium
1003 2263 1088 2292 quam
1103 2263 1198 2292 appro-
1227 2257 1229 2261 '

355 2303 477 2340 priatum
498 2319 538 2322 -
558 2302 628 2330 ratio
648 2302 721 2330 enim
744 2302 979 2339 appropriationis
1001 2310 1050 2338 per
1066 2302 1145 2338 prius
1160 2305 1200 2331 est

356 2350 383 2378 in
404 2349 518 2386 proprio
533 2365 571 2368 —
585 2356 651 2385 ergo
674 2356 737 2376 cuni
760 2348 971 2385 appropriatum
987 2348 1021 2376 sit
1036 2356 1198 2382 commune.

355 2396 510 2424 secundum
532 2395 668 2424 rationem
691 2394 861 2431 intelligendi
885 2395 964 2431 prius
985 2395 1038 2423 erit
1053 2395 1199 2432 proprium

355 2450 440 2480 quam
462 2450 625 2476 communeg
647 2441 722 2478 quod
743 2444 785 2470 est
807 2441 1010 2470 inconveniens.

1226 1913 1228 1952 Ι

1227 2153 1229 2166 i

1227 2167 1229 2195 i

1563 671 1779 693 CONCLUSIO.

1252 755 1442 790 Communia,
1465 764 1539 794 quae
1561 756 1748 794 atiquatenus
1769 760 1926 785 connotant
1951 756 2095 794 oriqinem

1325 811 1538 839 personarum,
1561 802 1664 831 habent
1684 803 1828 831 rationem
1843 805 2062 841 appropriandt'
2075 814 2094 834 a

1325 852 1412 886 parte
1432 849 1478 877 ‘ret'
1488 860 1498 883 ‚·
1519 852 1662 887 quatenus
1683 858 1742 877 ηοη
1762 853 1920 879 connotant
1940 851 2094 889 oriqirtem,

1328 904 1387 924 non
1410 899 1480 924 sunt
1506 896 1763 933 appropriabz'lz‘a,
1792 896 1853 925 nisi
1874 895 1951 934 forte
1974 902 2095 936 propter

1329 951 1460 971 errorem
1482 942 1640 971 intellectus
1660 943 1756 971 nostri
1776 944 1977 973 amovendum.

1331 1037 1507 1065 Rssspmmsso:
1530 1037 1700 1071 Dicendum,
1715 1038 1790 1075 quod
1805 1038 1840 1067 de
1854 1039 2041 1076 appropriatis
2055 1043 2097 1070 est
2134 1074 2140 1079 ¹

1252 1082 1327 1119 loqui
1350 1083 1514 1120 dupliciter:
1546 1087 1595 1112 aut
1617 1087 1753 1120 quantum
1782 1084 1818 1113 ad
1840 1084 1871 1113 id
1891 1086 1969 1123 quod
1987 1086 2205 1124 signifi-nannai

1252 1134 1336 1163 eant,
1358 1133 1408 1158 aut
1428 1133 1564 1167 quantum
1587 1131 1623 1159 ad
1644 1131 1793 1165 ordinem,
1815 1140 1900 1169 quem
1921 1136 2077 1162 connotant.

1333 1176 1358 1204 Si
1392 1179 1529 1214 quantum
1560 1177 1596 1205 ad
1621 1177 1840 1214 significatum,
1872 1186 1936 1207 eum
1964 1179 2035 1209 illud
2063 1181 2098 1209 sit

1253 1230 1420 1258 commune,
1442 1227 1470 1251 et
1490 1223 1602 1251 omnino
1624 1225 1788 1253 conveniat⁵
1803 1233 1853 1262 per
1872 1225 2098 1262 indifferentiam,

1254 1277 1307 1297 non
1323 1270 1456 1306 contingit
1470 1270 1646 1307 appropriari
1669 1271 1775 1299 ratione
1797 1275 1890 1300 sumta
1910 1280 1927 1301 a
1940 1275 2020 1309 parte
2034 1273 2079 1302 rei
2090 1297 2098 1309 ‚
2112 1282 2194 1301 conclusi

1253 1316 1452 1353 appropriatur
1481 1319 1573 1345 tamen
1602 1317 1708 1346 ratione
1737 1321 1829 1346 sumta
1850 1326 1866 1346 a
1887 1322 1966 1356 parte
1998 1319 2100 1349 intelle·
2204 1313 2205 1321 ¹

1254 1366 1317 1391 ctus
1341 1363 1434 1392 nostri
1454 1366 1568 1400 propter
1590 1371 1715 1393 errorem
1737 1365 1934 1394 amovendum.
1961 1366 2096 1402 Quoniam

1254 1411 1327 1440 enim
1350 1411 1506 1440 intellectus
1527 1411 1648 1439 carnalis
1670 1411 1697 1439 in
1719 1415 1797 1448 patre
1826 1413 1930 1441 carnali
1961 1413 2035 1443 videt
2057 1415 2102 1444 de—

1255 1457 1357 1485 fectum
1387 1457 1543 1494 potentiae,
1569 1461 1595 1486 et
1627 1457 1654 1485 in
1683 1458 1740 1486 filio
1768 1458 1907 1488 defectum
1935 1460 2101 1497 sapientiae,

1255 1506 1282 1532 et
1303 1503 1330 1531 in
1352 1504 1452 1540 spiritu
1476 1504 1603 1541 intelligit
1624 1504 1748 1533 furorem
1770 1505 1945 1540 iracundiae;
1967 1506 2028 1535 ideo
2050 1507 2103 1544 spi-

1254 1551 1363 1579 ritualis
1390 1551 1567 1585 intellectus,
1597 1554 1627 1579 ut
1655 1552 1761 1580 elevet⁶
1782 1560 1798 1580 a
1819 1552 1990 1587 carnalitate,
2010 1556 2103 1590 poten-

1254 1598 1321 1626 tiam
1344 1598 1413 1626 Patri
1436 1598 1578 1632 attribuit,
1600 1599 1729 1635 quamvis
1757 1607 1810 1627 non
1841 1600 1929 1636 magis
1957 1600 2102 1629 conveniat

1254 1645 1294 1678 ei,
1311 1645 1409 1673 sedne
1429 1645 1521 1673 miuus
1543 1645 1672 1673 videatur
1690 1646 1851 1680 convenire;
1873 1649 1900 1675 et
1922 1647 1960 1675 sic
1982 1647 2017 1676 de
2032 1647 2102 1676 aliis.

1333 1693 1359 1720 Si
1381 1695 1475 1720 autem
1498 1692 1647 1729 loquamur
1670 1695 1806 1729 quantum
1832 1693 1867 1721 ad
1897 1694 2029 1722 ordinem
2058 1695 2100 1723 vel

1254 1738 1390 1775 originem
1403 1761 1409 1772 ‚
1432 1746 1514 1776 quem
1531 1742 1688 1771 connotant.
1705 1739 1743 1768 sic
1758 1740 1977 1777 appropriantur
1992 1749 2008 1769 a
2022 1744 2101 1778 parte
2113 1750 2189 1769 conclus
2203 1764 2208 1768 .

1254 1786 1299 1813 rei
1319 1788 1433 1822 propter
1455 1786 1676 1814 convenientiam
1691 1794 1753 1815 cum
1770 1787 1891 1824 propriis
1908 1796 2101 1824 personarum.

1256 1832 1332 1861 Unde
1353 1832 1419 1869 quia
1442 1832 1519 1861 Pater
1540 1840 1556 1860 a
1587 1832 1664 1860 nullo
1693 1837 1746 1867 est,
1769 1836 1795 1862 et
1818 1834 1900 1862 Filius
1922 1842 1937 1862 a
1959 1834 2050 1869 Patre,
2075 1839 2102 1864 et

1256 1879 1375 1915 Spiritus
1396 1882 1509 1907 sanctus
1531 1879 1566 1907 ab
1587 1882 1723 1916 utroque,
1743 1882 1770 1908 et
1791 1880 1953 1909 huiusmodi
1975 1881 2044 1909 ordo
2065 1884 2102 1909 at-

1257 1926 1380 1955 tenditur
1403 1926 1430 1954 in
1445 1926 1580 1963 potentia.
1597 1926 1731 1962 sapientia
1746 1930 1773 1955 et
1788 1926 1927 1959 bonitate;
1945 1927 2007 1956 ideo
2026 1930 2103 1965 patet

1257 1973 1326 2001 ratio
1348 1973 1556 2010 appropriandi.
1580 1973 1656 2002 Unde
1684 1973 1731 2001 illa
1760 1982 1831 2010 quae
1857 1982 1910 2002 non
1924 1974 1933 1987 ⁷
1955 1978 2103 2003 connotant
2112 1984 2188 2003 corona·
2202 1989 2211 2002 i.

1256 2020 1349 2057 aliquo
1370 2020 1453 2048 modo
1474 2020 1601 2048 ordinem
1625 2020 1668 2049 vel
1689 2020 1841 2057 originem,
1856 2029 1911 2049 non
1927 2024 1992 2050 sunt
2006 2030 2101 2059 appro-

1257 2066 1393 2103 priabilia.

1338 2115 1361 2141 ¹1.
1384 2114 1422 2142 Ad
1444 2114 1514 2142 illud
1529 2121 1596 2150 ergo
1611 2114 1685 2150 quod
1701 2114 1844 2149 obiicitur,
1866 2115 1940 2152 quod
1956 2115 2102 2153 proprium
2116 2123 2184 2151 εοιιμῑο
2201 2132 2203 2137 .

1258 2169 1311 2189 non
1334 2161 1566 2195 communicatur,
1588 2169 1655 2197 ergo
1676 2164 1744 2195 ete.;
1766 2161 1933 2197 dicendum,
1955 2163 2030 2199 quod
2048 2171 2103 2192 non
2116 2149 2189 2172 ‘'⁰⁵³⁰''

1257 2210 1298 2235 est
1319 2207 1423 2241 simile,
1445 2207 1510 2244 quia
1532 2215 1565 2236 ex
1588 2207 1654 2241 hoc,
1677 2208 1752 2244 quod
1774 2216 1922 2237 commune
1943 2209 2104 2247 appropria-

1258 2257 1312 2287 tur,
1334 2261 1389 2281 non
1410 2253 1574 2281 attribuitur
1596 2254 1647 2282 nisi
1670 2254 1693 2282 ei
1710 2254 1754 2282 eui
1777 2255 1919 2289 convenit3
1937 2256 1985 2284 sed
2004 2256 2026 2284 si
2042 2264 2104 2293 pro-

1256 2301 1350 2337 prium
1373 2299 1420 2328 fiat
1442 2308 1602 2334 commune,
1635 2304 1699 2329 tunc
1731 2301 1895 2330 attribuitur
1917 2302 1940 2331 ei
1973 2303 2017 2331 cui
2049 2311 2102 2331 non

1257 2347 1399 2375 convenit:
1422 2350 1449 2375 et
1471 2347 1532 2375 ideo
1554 2355 1608 2375 non
1630 2350 1672 2375 est
1693 2348 1791 2377 simile.

1336 2394 1362 2421 ⁹2.
1385 2394 1421 2421 Ad
1448 2394 1517 2422 illud
1540 2394 1614 2431 quod
1636 2395 1806 2432 quaeritur,
1828 2398 1923 2424 utrum
1946 2396 2106 2433 appropria-

1229 2461 1230 2467 .
1259 2442 1296 2470 tio
1317 2442 1352 2470 sit
1383 2443 1539 2471 secundum
1572 2450 1631 2471 rem
1661 2442 1705 2471 vel
1733 2443 1887 2472 secundum
1921 2443 2104 2477 intellectum;

422 2700 427 2714 ¹
446 2700 490 2722 Csr.
516 2706 584 2728 supra
603 2700 625 2722 d.
644 2700 664 2722 3.
682 2706 704 2727 p.
724 2700 737 2721 l.
756 2706 777 2728 q.
797 2700 817 2721 2.
835 2700 865 2722 ad
885 2699 903 2727 4,
921 2703 943 2722 ct
960 2706 981 2729 q.
1001 2700 1021 2728 4,
1047 2706 1073 2722 ac
1100 2700 1154 2722 dub.
1182 2700 1201 2729 37

359 2745 400 2761 nee
417 2745 461 2761 non
480 2739 535 2761 ibid.
553 2745 574 2766 p.
593 2739 615 2760 ll.
634 2745 655 2767 (1.
679 2739 695 2760 1.
714 2744 778 2766 seqq.

420 2777 429 2791 ‘2
448 2777 504 2799 vide
523 2778 558 2799 hic
575 2778 605 2799 lit.
624 2777 732 2804 Magistri,
750 2782 768 2798 c.
788 2777 808 2798 3.

420 2815 430 2829 ³³
448 2815 503 2837 Cod.
522 2815 540 2837 T
560 2815 707 2844 ubicumque.

422 2854 430 2869 ⁴
449 2855 526 2877 Plures
543 2855 610 2877 codd.
629 2860 681 2876 cum
699 2854 735 2876 ed.
755 2854 762 2875 ἸΙ
785 2854 880 2876 voculae
895 2854 965 2883 prius
983 2854 1113 2883 praefigunt
1129 2854 1166 2877 ibi.

423 2894 432 2907 5
449 2894 491 2915 Pro
516 2893 612 2916 omnino
639 2892 762 2916 conveniat
789 2893 834 2915 sola

359 2932 474 2963 personis.
492 2933 541 2954 Mox
559 2939 601 2960 pro
620 2932 696 2955 'tosti-i
712 2932 779 2954 codd.
798 2933 815 2954 R
828 2933 846 2955 V
865 2933 966 2955 tantam.

866 2893 914 2915 Vat.
944 2893 1053 2916 omnibus
1081 2893 1205 2916 conveniat

1323 2700 1333 2714 ⁰
1349 2701 1419 2722 Simul
1446 2700 1510 2723 audi:
1537 2704 1649 2728 mentem;
1675 2701 1711 2723 vel
1741 2701 1791 2729 lege
1814 2707 1867 2723 cum
1885 2701 1936 2724 cod.
1955 2701 1974 2723 Υ
1991 2700 2102 2729 elevetur,

1261 2746 1303 2768 pro
1326 2746 1372 2769 quo
1399 2740 1449 2762 cod.
1475 2740 1494 2762 K
1521 2740 1631 2763 elevatus.
1657 2741 1726 2763 Paulo
1750 2741 1857 2768 superius
1881 2740 1996 2763 vocabulo
2020 2739 2106 2770 spimu

1260 2778 1324 2800 multi
1342 2778 1408 2800 codd.
1431 2784 1484 2800 cum
1502 2778 1554 2800 edd.
1579 2779 1599 2805 ⁴3,
1626 2779 1639 2800 3
1665 2784 1788 2806 perperam
1814 2778 1943 2806 adiungunt
1969 2779 2057 2801 sancto.
2074 2790 2106 2794 —

1261 2818 1332 2844 Ratio,
1355 2823 1425 2845 quam
1444 2817 1465 2839 S.
1493 2817 1576 2839 Doctor
1594 2818 1629 2839 liic
1647 2818 1721 2845 affert,
1747 2820 1780 2839 est
1804 2817 1908 2845 Hugonis
1933 2823 1945 2839 a
1967 2817 1990 2839 S.
2009 2817 2064 2840 Vici.
2083 2819 2106 2839 et

1260 2857 1374 2878 invenitur
1391 2862 1460 2884 supra
1479 2857 1501 2878 in
1519 2856 1549 2878 lit.
1568 2857 1674 2885 Magistri,
1690 2862 1709 2878 c.
1728 2855 1748 2879 li.

1322 2895 1331 2909 7
1349 2896 1370 2916 ln
1389 2901 1433 2917 non
1451 2896 1532 2923 paucis
1549 2895 1616 2917 codd.
1635 2895 1778 2917 desideratur
1796 2900 1850 2917 nort.
