2215 3404
711 149 794 177 DIST.
816 149 916 177 XXXV.
940 145 1061 176 DIVISIO
1084 148 1220 176 TEXTUS.
1325 183 1328 186 ἢ
1786 147 1840 175 599

363 372 800 423 COMMENTARIUS
834 373 895 420 IN
928 371 1366 420 DISTINOTIONEM
1401 370 1574 419 XXXV.

592 537 636 570 De
662 536 786 570 scientia
810 536 866 569 Dei
892 535 922 568 in
947 534 1078 580 generali
1106 533 1274 567 secundum
1301 544 1342 566 se.

543 687 670 724 Cumque
690 695 783 723 supra
807 686 1036 714 (asserum-inm
1057 694 1093 714 ac·
1112 686 1201 723 plura
1225 686 1397 714 (interimas.

831 911 953 939 DIVISIO
975 911 1112 941 TEXTUS.

176 1057 266 1094 Supra
287 1057 342 1094 egit.
363 1057 491 1093 Magister
513 1057 547 1085 de
562 1060 737 1085 sacramento
757 1057 898 1085 Trinitatis
917 1060 943 1085 et

98 1103 229 1138 Unitatis3
250 1104 278 1132 in
300 1104 353 1132 hac
373 1106 453 1140 parte
475 1103 530 1140 agit
552 1104 586 1132 de
608 1103 827 1138 conditionibus,
849 1111 944 1132 secun-

98 1150 166 1179 dum
188 1159 257 1188 quas
279 1153 320 1179 est
341 1151 369 1178 in
397 1150 453 1179 Deo
475 1150 545 1178 ratio
573 1150 758 1183 causalitatis,
779 1158 851 1187 quae
880 1153 944 1178 sunt

99 1197 202 1226 scilicet
214 1197 356 1234 potentia,
378 1197 524 1234 sapiencia
539 1201 566 1225 et
580 1196 724 1225 voluntas.
747 1197 832 1225 Habet
850 1199 943 1225 autem
973 1207 974 1210 ¹

98 1244 166 1273 haec
194 1251 260 1281 pars
289 1247 345 1272 tres
372 1246 473 1280 partes.
501 1243 529 1271 ln
558 1251 679 1280 quarum
708 1244 798 1280 prima
827 1243 882 1280 agit
910 1243 944 1271 cle
973 1271 974 1288 ἶ

98 1291 226 1324 scientia;
247 1291 274 1319 in
297 1290 419 1319 secunda
445 1290 479 1319 de
507 1290 641 1327 potentia,
670 1290 742 1318 infra
770 1290 944 1318 distinctione

98 1338 314 1375 quadragesima
336 1337 470 1366 secunda:
494 1337 579 1365 Naue
601 1337 634 1365 (le
663 1337 870 1374 ommpotentz‘a
894 1336 946 1364 Dei

99 1384 246 1422 agendam
267 1388 322 1418 est,·
348 1384 374 1412 in
404 1384 484 1412 tertia
510 1384 544 1412 de
574 1383 727 1417 voluntate,
754 1383 826 1411 infra
852 1383 946 1411 distin-

99 1431 188 1460 etione
203 1431 417 1468 quadragesima
429 1431 536 1467 quinta:
550 1430 616 1458 Iam
628 1431 661 1458 de
673 1430 818 1458 voluntate
829 1430 883 1458 Dei
893 1432 943 1458 etc.

178 1477 266 1505 Prima
290 1485 356 1514 pars
369 1477 454 1506 habet
475 1481 532 1505 tres
545 1477 562 1504 ¹.
586 1477 613 1505 [n
630 1477 719 1514 prima
734 1477 790 1514 agit
805 1477 839 1505 de
861 1476 946 1505 scien-

99 1525 137 1553 tia
162 1524 188 1552 in
218 1524 338 1561 generali
365 1524 526 1552 secandum
553 1532 590 1552 se.
622 1524 649 1552 ln
679 1524 801 1552 secunda
826 1523 883 1560 agit
911 1523 945 1552 de

99 1571 193 1600 modis
224 1572 334 1600 divinae
364 1571 543 1608 cognitionis,
576 1574 671 1599 utrum
696 1571 771 1599 Deus
800 1573 946 1607 cognoscat

100 1618 280 1652 mutabiliter,
302 1618 346 1646 vel
369 1617 589 1648 immutabiliter,
610 1621 637 1645 et
658 1626 714 1654 quo
735 1618 833 1652 inodo,
852 1617 946 1646 distin·
974 1620 976 1631 ¹

100 1664 189 1693 ctione
211 1664 353 1701 trigesima
374 1667 484 1693 octava:
508 1664 593 1692 wa
614 1673 682 1700 erqo
703 1664 744 1692 ad
761 1664 946 1701 propositam

98 1715 278 1740 reuertentes.
308 1712 336 1739 ln
358 1711 438 1740 tertia
458 1718 526 1739 vero
547 1711 603 1748 agit
623 1714 759 1748 quantum
781 1711 817 1739 ad
845 1711 946 1748 specia-

100 1758 141 1787 les
161 1757 292 1796 effectas,
314 1758 385 1786 infra
407 1758 581 1787 distinctione
602 1758 834 1795 quadragesima:
857 1758 947 1786 Prae-

101 1805 254 1834 desti‘natz'o
275 1814 342 1833 vero
363 1809 403 1833 est
425 1805 458 1833 cle
480 1805 561 1833 bonis
581 1805 774 1833 salutaribus.

180 1852 270 1880 Prima
291 1860 357 1888 pars
378 1852 513 1880 dividitur
535 1852 563 1880 in
584 1855 649 1880 tres.
670 1851 698 1880 In
713 1851 804 1889 prima
819 1852 947 1888 Magister

101 1898 267 1927 determinat
288 1899 322 1927 de
344 1898 404 1935 ipsa
431 1899 480 1927 Dei
509 1899 629 1927 scientia.
662 1899 691 1927 In
718 1899 855 1933 secunda,
882 1899 947 1935 quia

101 1953 146 1974 res
168 1945 277 1982 agnitae
299 1949 364 1974 sunt
385 1945 412 1973 in
434 1946 537 1974 sciente
558 1953 609 1982 per
631 1945 745 1974 modum
762 1945 888 1980 scientis,
904 1945 949 1974 de-

101 1992 247 2026 terminat,
273 1992 413 2029 quomodo
439 2001 484 2021 res
512 1996 577 2021 sunt
602 1993 629 2021 in
658 1993 730 2027 Deo,
756 1993 828 2021 infra
853 1993 948 2021 (listin-

101 2039 190 2068 otione
212 2039 354 2076 trigesima
369 2043 463 2068 sexta:
481 2039 555 2068 Solet
569 2039 615 2068 lu'e
629 2039 750 2078 quaeri,
766 2048 833 2068 eum
848 2040 947 2068 onmia

1001 1056 1141 1085 dicantar
1163 1064 1222 1083 esse
1244 1055 1275 1082 in
1297 1054 1350 1082 Dee?
1371 1054 1539 1091 counitione.
1564 1054 1590 1082 ln
1614 1054 1694 1083 tertia
1717 1062 1783 1082 vero
1812 1054 1849 1082 in-

1001 1103 1125 1131 cidenter
1147 1101 1328 1135 determinat.
1356 1100 1496 1138 quomodo
1522 1101 1596 1129 Deus
1617 1103 1659 1129 est
1687 1100 1713 1128 in
1743 1101 1847 1129 rebus.

1001 1149 1073 1177 infra
1095 1148 1270 1177 distinetione
1293 1147 1434 1185 trigesima
1450 1147 1584 1184 septima:
1603 1148 1638 1175 Et
1652 1146 1792 1184 quoniam
1807 1147 1849 1175 (le-

1001 1199 1200 1224 monstratmn
1222 1198 1263 1223 esc
1283 1203 1317 1222 ea·
1335 1199 1430 1231 parte.

1081 1243 1171 1271 Prima
1186 1251 1264 1279 pars,
1280 1250 1351 1279 quae
1373 1242 1493 1270 continet
1512 1244 1686 1278 praesentem
1701 1240 1850 1269 distinotio-

1003 1298 1079 1323 nem,
1107 1293 1162 1318 tres
1184 1289 1299 1318 habet‘2.
1323 1289 1350 1317 ln
1371 1289 1486 1325 prima,
1509 1297 1573 1317 oum
1600 1289 1648 1317 Dei
1676 1289 1789 1317 seientia
1816 1288 1850 1316 sit

1002 1346 1074 1372 una,
1096 1337 1275 1371 determinat2
1298 1336 1438 1373 quomodo
1454 1337 1569 1364 sortitur
1585 1335 1667 1373 plura
1686 1336 1806 1364 nomina.
1822 1335 1849 1364 ln

1001 1385 1147 1418 secanda,
1170 1392 1233 1413 cum
1256 1384 1305 1412 Dei
1328 1383 1442 1412 scientia
1464 1383 1508 1411 vel
1536 1382 1719 1419 praescientia
1748 1382 1783 1410 sit
1809 1390 1851 1411 ae-

1002 1434 1097 1466 terna,
1119 1431 1299 1465 determinat,
1321 1430 1462 1467 quomodo
1478 1437 1507 1458 se
1522 1430 1624 1458 habeat
1638 1430 1673 1458 ad
1688 1429 1852 1467 temporalia

1003 1479 1046 1508 vel
1059 1482 1159 1512 ereatat
1176 1478 1225 1506 ibi:
1242 1477 1298 1505 Hie
1313 1477 1501 1505 considerari
1514 1480 1632 1513 oportet,
1648 1481 1751 1505 atram
1765 1476 1853 1505 seien-

1003 1526 1045 1554 tia
1065 1525 1109 1554 vel
1127 1524 1334 1562 praescientia.
1358 1524 1384 1552 ln
1408 1524 1508 1557 terna,
1531 1532 1595 1552 oum
1618 1524 1666 1553 Dei
1689 1524 1802 1553 scientia
1818 1524 1852 1552 sit

1002 1580 1067 1607 ens,
1089 1571 1228 1609 quomodo
1250 1574 1397 1608 cognoscat
1417 1579 1470 1599 non
1494 1571 1582 1605 entia,
1612 1570 1661 1599 ihi:
1691 1571 1852 1607 Propterea

1003 1619 1103 1647 omnia
1125 1618 1266 1646 themam·
1287 1626 1346 1646 esse
1368 1617 1398 1645 in
1420 1618 1478 1645 Deo
1500 1621 1550 1646 etc.

1083 1665 1111 1693 ln
1140 1664 1243 1701 prima
1271 1667 1365 1701 parte,
1395 1671 1424 1693 se
1450 1664 1540 1701 ipsum
1573 1664 1737 1693 continuans
1772 1664 1852 1693 dicit.

975 1735 976 1743 ,
1004 1712 1078 1749 quod
1100 1711 1195 1740 divina
1224 1712 1344 1740 essentia
1375 1711 1458 1748 plura
1487 1711 1572 1740 habet
1600 1712 1712 1740 nomina
1739 1714 1853 1748 propter

1004 1760 1150 1787 connotata
1161 1758 1178 1795 ³.
1200 1758 1229 1786 ln
1243 1758 1372 1786 secunda
1388 1758 1469 1792 dicit,
1486 1758 1560 1795 quod
1575 1758 1624 1786 Dei
1640 1758 1753 1787 seientia
1768 1761 1852 1787 esset.

1004 1806 1025 1841 si
1047 1806 1117 1834 nihil
1142 1805 1271 1833 futurum
1297 1808 1385 1839 esset,
1412 1808 1438 1834 et
1464 1808 1537 1834 esset
1563 1805 1692 1839 scientia,
1722 1806 1770 1834 sed
1799 1813 1852 1834 non

1003 1853 1145 1881 diceretur
1167 1852 1359 1889 praescientia.
1382 1852 1410 1880 In
1435 1852 1521 1883 tertia
1542 1852 1679 1887 ostendit,
1702 1853 1777 1890 quod
1799 1860 1854 1881 om-

1004 1908 1053 1928 nes
1075 1899 1142 1927 res*
1166 1899 1270 1927 liabent
1291 1899 1413 1928 rationes
1436 1899 1462 1927 in
1485 1899 1555 1932 Deo,
1582 1907 1631 1936 per
1660 1907 1730 1936 quas
1758 1907 1854 1936 cogno-

1004 1949 1122 1975 scuntur
1158 1948 1184 1974 et
1213 1949 1277 1974 sunt
1306 1946 1333 1973 in
1360 1946 1435 1982 ipso,
1464 1949 1491 1974 et
1519 1946 1556 1974 ita
1584 1947 1678 1974 omnia
1709 1950 1774 1975 sunt
1801 1947 1853 1975 sihi

1004 1993 1175 2030 praesentia;
1197 1995 1223 2021 et
1245 1993 1284 2021 sio
1305 1996 1381 2029 patet
1402 1993 1501 2021 divisio
1529 1996 1555 2021 et
1585 1993 1728 2021 sententia.
1758 1993 1854 2022 Subdi-

1005 2040 1125 2068 visiones
1146 2039 1219 2068 enim
1234 2039 1243 2052 ⁵
1266 2040 1387 2076 partium
1411 2039 1572 2068 manifestae
1594 2043 1658 2068 sunt
1679 2040 1707 2068 in
1730 2040 1829 2069 littera.

748 2195 933 2224 TRACTATIO
958 2195 1201 2232 QUAESTIONUM.

181 2351 219 2379 Ad
241 2351 449 2388 intelligentiam
466 2352 619 2388 praesentis
638 2352 821 2381 distinctionis
843 2352 950 2389 quaeri-

103 2400 148 2426 tur
170 2398 311 2426 deratione
333 2398 443 2426 divinae
464 2399 642 2435 cognitionis,
661 2407 733 2436 quae
749 2399 814 2427 idea
836 2406 950 2427 consue-

102 2444 142 2473 vit
163 2444 305 2481 appellari.

181 2491 272 2520 Primo
302 2491 461 2528 quaeritur,
491 2495 588 2520 utrum
618 2492 645 2520 in
673 2492 730 2521 Deo
759 2492 793 2521 sit
821 2492 948 2529 ponenda

103 2538 173 2566 ratio
195 2538 299 2568 idealis.

182 2584 308 2613 Secundo
324 2584 388 2613 dato
403 2584 478 2621 quod
493 2585 544 2619 sic,
559 2585 718 2622 quaeritur,
734 2588 830 2614 utrum
847 2585 947 2614 haheat

103 2630 291 2667 pluralitatem
313 2631 468 2659 secundum
490 2639 558 2659 rem.

1007 2351 1108 2386 Tertio,
1119 2354 1212 2380 utrum
1226 2352 1327 2381 habeat
1338 2352 1528 2389 pluralitatem
1541 2353 1696 2382 secundum
1708 2353 1853 2382 rationem.

1007 2399 1127 2435 Quarto,
1143 2401 1239 2427 utrum
1255 2399 1357 2428 habeat
1378 2399 1567 2436 pluralitatem
1589 2400 1744 2428 seeundum
1759 2408 1854 2428 nume-

1085 2453 1149 2473 rum
1171 2445 1391 2480 universalium,
1413 2454 1448 2474 an
1471 2446 1665 2483 singularium.

1006 2492 1120 2528 Quinto⁷
1143 2494 1239 2520 utrum
1261 2492 1363 2521 habeat
1383 2492 1574 2529 pluralitatem
1589 2493 1743 2522 seeundum
1759 2501 1854 2522 nume-

1086 2547 1149 2567 rum
1172 2539 1292 2572 finitum,
1313 2539 1357 2567 vel
1380 2539 1528 2567 infinitum.

1005 2585 1104 2617 Sexto„
1127 2588 1223 2613 utrum
1240 2586 1266 2613 in
1283 2585 1352 2614 ideis
1367 2586 1402 2614 sit
1416 2585 1563 2623 pluralitas
1585 2586 1738 2615 seeundum
1759 2595 1853 2615 nume-

1084 2639 1147 2660 rum
1170 2632 1345 2667 ordinatum,
1367 2632 1412 2661 vel
1433 2633 1588 2661 confusum.

167 2806 174 2820 ¹
192 2805 247 2829 Cod.
265 2807 272 2828 l
290 2806 408 2835 subiungit
421 2808 509 2836 partes.

165 2844 175 2859 2
192 2845 242 2867 Vat.
261 2845 324 2867 addit
340 2846 427 2875 partes.

166 2883 176 2897 ³
193 2884 243 2906 Vat.
261 2886 311 2906 ante
328 2885 453 2907 conmotam
476 2885 556 2913 repetit
581 2884 692 2908 nomina.
721 2885 788 2908 codd.
807 2892 851 2908 non
869 2886 947 2908 suffra-

106 2922 219 2950 ganubus.

1067 2807 1076 2822 ⁴
1094 2809 1136 2830 Pro
1154 2814 1235 2831 omnes
1253 2814 1303 2836 res,
1331 2815 1401 2837 quam
1428 2809 1548 2831 lectionem
1567 2815 1594 2831 ex
1611 2809 1678 2831 codd.
1695 2809 1739 2837 PQ
1757 2810 1853 2832 restitui-

1006 2854 1068 2875 mus,
1087 2848 1155 2869 ceteri
1173 2847 1240 2869 codd.
1259 2853 1312 2869 cum
1338 2847 1374 2869 ed.
1402 2848 1407 2870 1
1434 2847 1574 2870 substituunt
1593 2847 1739 2870 solummodo
1757 2853 1852 2876 omnes.

1007 2886 1057 2908 Vnt.
1076 2885 1163 2908 omnia.

1069 2924 1079 2938 ⁵
1096 2924 1151 2947 Cod.
1171 2924 1189 2947 V
1207 2925 1292 2947 autem.
