2215 3404
8 1900 98 1919 damonia.

656 146 738 174 DIST.
761 146 862 174 XXXV.
883 146 956 174 ART.
980 146 1095 175 UNlCUS
1116 146 1251 182 QUAEST.
1274 147 1314 175 lV.

114 225 268 254 secundun]
290 233 358 258 esse,
380 225 456 262 quod
478 224 624 253 habiturae
639 227 704 252 sunt
725 231 770 252 res
792 223 898 252 ideatae
930 223 956 251 in

113 271 227 308 proprio
249 279 350 308 genere
363 271 382 299 ¹.
405 272 436 299 Et
457 271 586 308 quamvis
606 270 677 298 illud
698 278 753 298 non
769 269 889 298 habeant
904 269 954 298 nisi

113 325 148 346 ex
171 320 311 354 tempore,
335 320 424 346 tamen
446 317 481 345 ab
509 320 622 345 aeterno
652 316 766 345 suerunt
794 316 956 349 liabiturae;

113 366 140 392 et
161 364 239 392 ideae
261 366 326 392 sunt
347 372 443 392 rerum
465 367 496 391 ut
515 362 639 400 suturae
660 366 739 391 sunt:
769 362 831 391 ideo
860 362 957 390 intelli·
984 387 985 390 ,

113 414 218 447 guntur
239 419 292 438 non
310 413 416 439 tantum
432 410 528 447 plures
542 417 577 438 ex
594 413 737 446 tempore,
759 417 858 438 verum
873 409 956 437 etiam
984 434 985 451 ἢ

112 458 147 486 ah
168 461 288 486 aeterno.
310 457 353 486 Sic
374 457 466 485 differt
495 456 648 493 intelligere
675 456 956 493 praedestinationem
984 455 985 492 j

111 504 196 533 fuisse
217 504 252 532 ah
272 507 385 532 aeterno
399 507 426 532 et
441 503 677 540 reprobationem.
689 511 753 531 *non
769 503 875 531 ratione
895 502 955 531 eius

112 551 187 588 quod
207 550 260 579 fuit
280 550 315 578 ab
336 553 460 583 aeterno,
476 549 525 578 sed
541 549 646 577 ratione
661 549 721 578 eius
738 549 813 586 quod
827 548 956 577 futurum

111 600 172 626 erat
192 605 229 625 ex
252 600 384 633 tempore.

192 644 217 671 5
239 643 278 672 Ad
293 642 363 671 illud
379 643 453 680 quod
469 642 613 671 obiicitur:
635 642 658 670 si
674 641 770 679 plures
786 642 873 676 ideae,
889 650 955 678 ergo

110 689 207 726 plures
229 689 306 724 res²g
328 689 494 723 dicendum,
515 689 591 726 quod
614 689 676 717 idea
690 697 743 717 non
766 688 833 717 dicit
847 691 953 717 tantum

110 737 185 773 quod
207 740 263 770 est,
284 737 332 765 sed
355 739 513 773 respectum
535 736 576 764 acl
596 736 627 764 z'd
648 736 723 772 quod
744 735 872 764 futurum
895 738 954 764 est.

1802 150 1856 178 609

1014 223 1081 260 cipit
1101 223 1343 259 plurificationem.
1368 224 1397 252 Et
1418 225 1484 261 quia
1498 225 1543 254 ille
1565 226 1634 254 nihil
1650 227 1727 263 ponit
1742 227 1769 255 in
1784 230 1856 262 actu,

1014 270 1063 298 sed
1083 270 1175 298 solum
1197 270 1222 298 in
1239 270 1369 306 potentia,
1385 271 1449 300 hine
1463 275 1513 306 est,
1528 272 1603 309 quod
1619 273 1765 308 pluralitas
1788 274 1859 303 idea-

1014 324 1076 344 rum
1100 319 1212 344 aeterna
1233 324 1286 344 non
1309 317 1386 353 ponit
1406 317 1528 354 aliquam
1551 318 1740 354 pluralitatem
1769 322 1860 348 aetua-

1014 362 1087 396 lem;
1110 362 1181 391 sicut
1202 371 1256 390 non
1278 363 1406 399 ponitur,
1428 364 1449 392 si
1472 364 1590 399 dicatur,
1605 366 1681 402 quod
1694 365 1703 378 ³
1719 369 1809 402 potest
1823 367 1859 395 fa-

1013 416 1075 437 cere
1098 409 1187 445 plura.
1210 409 1263 437 Sed
1279 409 1331 438 hoc
1352 418 1452 438 nomen
1477 419 1524 439 res
1545 412 1621 448 quod
1643 412 1709 441 dicit
1728 413 1859 450 importat

1013 455 1155 488 ahsolute;
1177 460 1204 484 et
1226 455 1287 484 ideo
1308 464 1373 484 oum
1394 457 1505 492 dicitur,
1525 458 1623 495 plures
1644 468 1691 487 res
1716 467 1792 494 esse,
1814 468 1859 496 po-

1013 503 1090 530 nitur
1111 502 1258 539 pluralitas
1279 503 1306 531 in
1328 506 1408 537 actu3
1429 507 1456 531 et
1478 505 1540 533 ideo
1561 509 1758 541 argumentum
1788 506 1857 535 illud

1012 557 1066 577 non
1089 549 1177 583 valet⁷
1199 549 1284 577 immo
1306 552 1348 578 est
1362 549 1399 577 ibi
1423 550 1494 588 quid
1514 554 1541 579 et
1561 552 1732 588 simpliciter
1744 553 1764 586 ⁴,
1788 554 1859 582 sicut

983 624 984 630 ¹
1013 595 1034 624 si
1058 595 1178 623 dicatur:
1203 596 1282 631 plura
1299 599 1363 624 sunt
1378 597 1519 633 possibilia
1541 598 1612 632 Deo,
1634 599 1679 627 vel
1699 599 1782 635 plura
1794 603 1859 628 sunt

1013 642 1135 678 cognita:
1158 650 1225 679 ergo
1240 642 1322 679 plura
1338 646 1410 671 sunt.
1434 643 1475 672 Sic
1491 652 1541 672 nec
1563 645 1648 679 valet,
1664 645 1759 682 plures
1781 646 1858 675 ideae

1013 692 1089 718 sunt:
1113 697 1179 725 erigo
1211 689 1307 726 plures
1339 697 1384 718 res
1411 693 1492 725 sunt;
1514 691 1579 727 quia
1606 692 1686 720 ideae
1713 701 1766 721 non
1794 697 1859 722 sunt

1012 736 1109 773 plures
1131 736 1236 765 ratione
1258 737 1319 765 eius
1340 738 1414 774 quod
1435 741 1519 771 sunt,
1542 738 1589 766 sed
1613 739 1718 768 ratione
1739 740 1799 768 eius
1818 740 1860 769 acl

110 783 154 812 vel
175 783 256 811 etiarn
279 786 369 820 potest
389 790 462 817 esse;
482 786 509 811 et
524 783 630 811 ratione
652 783 727 811 illius
748 786 892 819 respectus
914 791 954 811 re·
983 789 984 815 l
1013 783 1089 820 quod
1109 787 1186 811 sunt.

850 938 1112 975 SGHOLION.

170 1087 319 1110 Conclusione
344 1087 436 1110 eliditur
461 1093 525 1109 error
552 1088 682 1109 Avicennae
711 1087 830 1115 lingentis,
859 1087 881 1109 in
907 1087 954 1109 Deo

110 1133 179 1149 unum
197 1129 283 1149 tantum
302 1133 351 1149 esse
370 1127 445 1149 ideam
463 1130 568 1154 respectu
595 1127 683 1154 primae
700 1126 860 1153 intelligentiae
878 1132 890 1148 a
907 1127 954 1148 Deo

109 1169 242 1197 ementitae,
260 1166 282 1187 in
300 1172 344 1194 qua
363 1166 459 1187 aliarum
477 1171 554 1187 rerum
572 1166 616 1187 sint
632 1165 704 1187 ideae.
720 1176 753 1181 ·—
771 1165 792 1186 ln
806 1165 951 1187 conclusione

1011 1093 1061 1109 esse
1079 1088 1171 1115 asserit.
1190 1087 1241 1115 quia
1268 1087 1345 1114 plures
1370 1087 1528 1115 significantur
1545 1093 1582 1109 res
1599 1087 1715 1115 creabili—s,
1735 1094 1746 1109 a
1764 1088 1810 1110 Deo
1828 1087 1857 1109 ab

1010 1128 1102 1148 aeterno
1128 1126 1268 1153 intellectac;
1297 1132 1349 1147 euni
1368 1131 1415 1154 quo
1432 1125 1479 1147 sere
1505 1127 1611 1148 convenit
1629 1127 1709 1149 Scottis
1730 1133 1782 1149 cum
1801 1127 1856 1154 aliis,

1011 1165 1071 1187 iuxta
1089 1171 1171 1187 eorum
1195 1165 1328 1187 sententiam
1342 1165 1400 1186 circa
1420 1165 1530 1186 rationem
1549 1166 1666 1193 propriam
1685 1165 1788 1188 idearum
1807 1167 1856 1193 (cfr.

109 1204 215 1227 doctores
232 1205 334 1227 catholici
352 1205 497 1231 conveniunt,
517 1210 562 1226 non
579 1206 656 1226 autem
678 1205 699 1226 in
725 1205 797 1232 ipsius
820 1204 954 1226 determina-
981 1185 983 1236 J
1012 1204 1116 1226 Scholion
1136 1204 1171 1225 hic
1189 1210 1210 1232 q.
1233 1204 1267 1231 l.).
1285 1203 1397 1225 Auctorcs
1414 1203 1467 1225 x‘Ide
1485 1204 1507 1225 in
1526 1204 1615 1225 scholio
1633 1205 1739 1232 praeced.

109 1244 167 1266 tione
192 1247 214 1266 et
230 1244 386 1272 explicatione.
404 1243 505 1265 Durand.
524 1243 555 1272 (d.
575 1243 611 1265 36.
630 1250 651 1271 «1.
671 1242 701 1271 4.)
723 1243 775 1265 ideo
793 1243 871 1270 plures
889 1243 952 1265 ideas

871 1368 1033 1404 QUAESTtO
1055 1369 1096 1396 lV.

283 1477 384 1505 Utrum
409 1477 489 1505 ideae
506 1476 715 1514 plurificeutm·
735 1486 787 1513 pei·
808 1477 1056 1513 comparationem
1081 1477 1121 1505 acl
1141 1477 1255 1511 itlcata,
1278 1481 1422 1515 quatenus
1443 1476 1513 1506 leaeo
1536 1478 1565 1505 in
1586 1478 1694 1515 specie,

726 1527 767 1556 uel
788 1528 819 1556 in
840 1528 992 1556 inclivz'duo
1015 1527 1133 1556 (liuersa
1154 1532 1230 1556 sunt.

185 1659 289 1695 Quarto
310 1658 464 1695 quaeritur,
486 1661 583 1687 utrum
598 1658 677 1687 ideae
692 1658 887 1696 plurifioentur
902 1666 952 1695 per

105 1704 340 1742 comparationem
371 1705 407 1734 ad
435 1705 526 1733 ideata
555 1705 711 1734 secundum
739 1705 950 1734 multitudinem

106 1752 262 1781 ideatorum
283 1755 420 1789 quantum
445 1752 481 1781 ad
507 1752 698 1781 diversitatem
726 1753 949 1787 universalium.

104 1803 153 1828 aut
173 1800 366 1837 singularium.
389 1800 420 1828 Et
441 1799 514 1837 quod
538 1799 738 1837 singularium,
760 1800 892 1829 videtur:

185 1847 208 1874 1.
231 1846 366 1883 Quoniam
387 1854 438 1884 per
468 1847 545 1875 ideas
566 1849 608 1875 est
639 1846 710 1875 ratio
739 1847 927 1883 distinguendi
941 1858 948 1881 3

105 1892 153 1921 sed
174 1893 248 1921 Deus
269 1901 324 1921 non
347 1896 454 1921 tantum
476 1892 621 1929 distinguit
643 1893 801 1921 universale
830 1893 865 1921 ab
891 1893 950 1921 uni-

105 1940 222 1974 versali,
244 1940 293 1968 sed
313 1940 396 1968 etiam
419 1939 560 1976 singulare
588 1949 605 1968 a
631 1940 774 1976 singulari.
798 1940 850 1968 Sed
883 1940 947 1977 quia

105 1987 250 2024 distinguit
269 1986 429 2015 universale
451 1987 485 2014 ab
508 1986 678 2021 universali,
701 1986 763 2015 ideo
785 1987 869 2015 hahet
890 1987 949 2023 plu-

104 2033 179 2062 rium
207 2032 410 2062 universalium
438 2033 514 2061 ideas
542 2033 638 2069 plures
666 2036 693 2061 et
718 2033 847 2062 rationes.
874 2033 950 2062 Unde
977 2047 979 2056 ι

110 2080 188 2108 «alia
210 2080 315 2108 ratione
336 2080 465 2108 conditus
485 2083 528 2109 est
549 2088 654 2117 equus,
676 2080 730 2108 alia
756 2080 862 2109 ratione
890 2088 951 2109 eon-

104 2127 179 2156 ditus
201 2130 242 2156 est
262 2127 402 2155 hom0⁵»:
424 2135 490 2164 ergo
512 2131 562 2156 eto.

183 2175 209 2202 Ξ.
228 2174 311 2208 ltem⁷
339 2175 458 2211 cognitio
485 2174 524 2203 rei
559 2175 702 2203 verissima
730 2178 772 2203 est
794 2175 948 2203 secundum
977 2204 979 2212 ,

103 2221 143 2250 rei
167 2221 367 2255 totalitatem⁶;
389 2221 438 2250 sed
460 2221 602 2258 singulare
623 2221 728 2258 aliquid
755 2222 833 2250 addit
862 2229 948 2258 supra

102 2268 276 2296 universale:
298 2276 364 2304 ergo
389 2276 454 2297 cum
482 2268 557 2296 Deus
587 2270 674 2296 totum
703 2272 865 2305 cognoscat,
894 2277 947 2297 non

103 2318 211 2344 tantum
233 2315 316 2343 hahet
338 2315 429 2344 ideam
452 2315 633 2347 universalis,
649 2315 697 2343 sed
713 2316 796 2344 etiam
816 2316 949 2352 superad-

1009 1660 1067 1694 diti,
1090 1660 1194 1689 scilicet
1215 1660 1366 1697 singularis
1374 1672 1382 1695 ς
1405 1661 1532 1690 similiter
1554 1664 1581 1690 et
1603 1661 1718 1690 alterius
1737 1661 1856 1699 singula-

1008 1707 1054 1736 ris.
1078 1708 1148 1744 Ergo
1169 1707 1191 1736 si
1213 1707 1309 1736 addita
1331 1711 1396 1737 sunt
1417 1708 1529 1737 diversa
1540 1709 1699 1742 ,secundum
1719 1709 1854 1738 rationem

1008 1754 1066 1783 sive
1087 1754 1296 1783 multitudinem
1320 1755 1455 1789 idealem‚
1477 1758 1552 1792 patet
1567 1759 1618 1784 etc.

1087 1801 1113 1829 3.
1135 1801 1219 1835 ltem„
1242 1801 1316 1830 Deus
1338 1802 1474 1838 quosdam
1497 1809 1532 1830 ex
1554 1802 1715 1831 hominihus
1741 1803 1855 1840 praede-

1007 1848 1108 1882 stinat,
1130 1849 1267 1885 quosdam
1289 1849 1440 1885 1·eprohat;
1462 1849 1510 1878 sed
1533 1849 1587 1877 alia
1610 1850 1715 1878 ratione
1742 1850 1855 1886 praede-

1007 1895 1101 1926 stinat.
1123 1899 1150 1923 et
1171 1895 1224 1923 alia
1237 1896 1343 1924 ratione
1359 1896 1501 1933 reprobat:
1518 1904 1585 1933 ergo
1601 1897 1756 1925 secundum
1768 1897 1851 1925 aliam

1007 1942 1142 1969 rationem
1164 1945 1191 1970 et
1212 1942 1303 1970 ideam
1326 1945 1391 1971 sunt
1412 1943 1541 1979 praesciti
1563 1946 1590 1971 et
1611 1943 1809 1979 praedestinati
1826 1944 1851 1971 in

1006 1988 1070 2016 Deo.
1087 1988 1137 2016 Sed
1156 1988 1223 2017 haec
1245 1991 1286 2017 est
1308 1989 1455 2017 diversitas
1478 1990 1658 2018 individualis
1680 1990 1737 2018 sive
1759 1998 1854 2018 nume-

1007 2035 1088 2063 ralis:
1111 2043 1177 2071 ergo
1199 2038 1249 2063 etc.

1085 2083 1111 2110 [ι.
1134 2082 1216 2111 item.
1240 2083 1301 2111 idea
1329 2083 1532 2120 multiplicatur
1560 2084 1587 2111 in
1613 2084 1714 2113 divinis
1746 2085 1873 2113 ratione-

1006 2132 1150 2165 respeotus
1171 2132 1198 2158 et
1220 2129 1361 2158 relationis
1382 2130 1417 2158 ad
1440 2130 1573 2164 ideatuni,
1588 2138 1654 2167 ergo
1669 2131 1853 2168 multiplicato

1006 2184 1061 2204 uno
1075 2176 1093 2210 ⁷,
1116 2176 1319 2213 multiplicatur
1341 2179 1367 2205 et
1390 2177 1543 2213 reliquum:
1567 2185 1630 2206 cum
1654 2185 1720 2214 ergo
1749 2178 1852 2212 homo,

1006 2223 1053 2259 qui
1075 2225 1116 2251 est
1138 2222 1277 2257 ideatum‚
1300 2223 1502 2260 multiplicetur
1524 2223 1550 2251 in
1566 2224 1685 2252 diversis
1702 2224 1853 2253 individuis

1006 2269 1161 2298 secundum
1178 2277 1250 2304 rem,
1265 2270 1499 2307 multiplicabitur
1516 2271 1578 2299 idea
1594 2274 1722 2308 respectu
1739 2271 1851 2300 illorum

1006 2316 1162 2345 secundum
1184 2316 1329 2345 rationem.

166 2490 171 2504 ¹
192 2490 256 2512 Sive:
275 2490 402 2512 secundum
420 2496 469 2513 esse
493 2490 599 2518 actuale,
628 2491 690 2519 quod
708 2490 825 2513 habebunt
844 2492 865 2513 in
883 2498 907 2514 se
924 2496 945 2514 et
973 2493 974 2524 ᾗ

102 2530 165 2558 quod
183 2530 409 2557 contradistinguitur
426 2529 455 2551 ab
472 2535 521 2552 esse
538 2529 617 2552 ideali.
636 2530 699 2558 quod
717 2530 801 2552 hahent
814 2531 835 2552 in
848 2531 902 2553 Deo.
915 2544 945 2547 -—
973 2531 974 2558 Ξ

102 2569 171 2591 Paulo
183 2569 277 2591 inferius
289 2574 331 2596 pro
343 2568 383 2591 Sic
396 2568 474 2598 differt
485 2568 613 2598 iiitelliqere
622 2568 869 2597 praedestinationem,
885 2576 944 2598 quae

102 2607 167 2630 lectio
184 2610 217 2630 est
233 2608 425 2636 praestantiorum
444 2607 519 2635 codd.⁷
538 2608 588 2630 cod.
607 2614 631 2630 ee
649 2614 702 2630 cum
716 2608 769 2630 edd.
788 2609 814 2636 2,
834 2608 862 2635 3,
881 2608 905 2636 4,
924 2608 944 2637 5,

101 2646 174 2669 verbo
192 2646 319 2676 intelliqere
337 2647 433 2674 omisso,
459 2646 499 2669 Sic
524 2646 604 2676 differt
623 2646 876 2676 praedestinafiunem‚·
896 2648 943 2670 Vnt.
972 2661 974 2672 2

102 2685 141 2709 Sic
159 2685 245 2708 dit-itm·
260 2684 499 2714 praedestinationem
516 2690 558 2707 etc.

163 2724 172 2738 2
190 2724 250 2746 Multi
268 2724 334 2746 codd.
353 2723 471 2751 rationes;
489 2730 618 2752 perperam.
637 2724 686 2746 Mox
704 2730 746 2752 pro
764 2725 858 2747 trintum
882 2724 945 2754 quod
972 2730 974 2758 i

101 2764 134 2786 est
152 2764 201 2785 Vat.
220 2770 272 2785 cum
290 2763 340 2786 cod.
359 2770 384 2785 cc
402 2764 494 2786 tuntum
511 2763 568 2792 quid
585 2764 623 2786 est.

165 2802 174 2816 ³
190 2803 276 2830 Supple
294 2809 346 2824 cum
364 2802 431 2824 codd.
451 2802 505 2824 WZ
523 2806 545 2824 et
561 2802 597 2824 cd.
618 2803 625 2824 i
658 2803 724 2825 Deus.
743 2803 795 2825 Post
811 2809 883 2830 pauca
902 2810 944 2831 pro

101 2841 195 2869 (licitur,
214 2841 295 2870 plures
314 2842 361 2863 Vat.
380 2840 435 2864 elicit
450 2841 539 2869 plures.

190 2880 245 2903 Cod.
265 2881 284 2902 V
310 2881 445 2908 completius
467 2882 501 2903 est
523 2880 555 2903 ibi
575 2880 673 2909 fallacia
698 2881 826 2904 secuudum
846 2880 903 2910 quid
924 2882 946 2904 et

972 2922 974 2945 ζ
1001 2920 1081 2947 primis
1098 2919 1150 2940 cdd.
1169 2919 1275 2941 omittunt
1292 2926 1355 2949 erqo.

102 2919 250 2949 simpliciter,
270 2920 298 2942 de
317 2926 361 2948 qua
378 2920 432 2942 vide
450 2920 547 2947 Ariston,
566 2920 579 2941 l.
599 2920 687 2942 Elench.
706 2926 725 2942 c.
744 2920 764 2942 4,
784 2921 811 2945 (c.
831 2919 869 2948 5,).

242 2966 265 2989 S.
284 2967 370 2988 limans.
388 2978 420 2982 —-
437 2966 503 2987 Toni.
523 2966 535 2987 l.

972 2796 974 2825 ἶ
1002 2803 1134 2830 adiungitur
1160 2802 1332 2831 relativorum,

972 2845 974 2862 ἱ
1002 2842 1115 2869 generale.
1134 2841 1183 2862 Mox
1201 2848 1243 2869 pro
1261 2848 1315 2864 cum
1332 2848 1400 2871 erm»,
1420 2849 1489 2870 quam
1509 2843 1627 2864 lectionem
1650 2844 1801 2864 assumsimus
1819 2849 1844 2864 ex

1065 2493 1074 2507 5
1092 2493 1195 2520 August..
1214 2494 1242 2514 83
1261 2494 1303 2521 Qq.
1322 2500 1343 2522 q.
1364 2493 1399 2515 46.
1418 2500 1439 2515 n.
1458 2494 1478 2516 -2,
1491 2506 1522 2510 -
1536 2494 1605 2516 Paulo
1617 2495 1723 2521 superius
1736 2497 1788 2522 post
1800 2494 1849 2523 plit-

1002 2531 1066 2553 Γίιιηι
1084 2532 1147 2553 multi
1166 2532 1233 2554 codd.
1252 2533 1388 2555 interficiunt
1405 2533 1433 2555 et.

1065 2570 1074 2584 ὃ
1093 2572 1113 2592 S.
1142 2571 1223 2593 Doetor
1249 2572 1297 2593 vult
1323 2571 1412 2593 dicere:
1438 2572 1604 2599 perfectissime
1629 2575 1651 2594 ct
1673 2573 1794 2594 verissime.
1811 2578 1848 2595 res

1001 2611 1162 2637 cognoscitur,
1188 2609 1280 2638 quando
1303 2609 1432 2632 secundum
1449 2613 1522 2632 totum
1541 2611 1697 2638 cognoscitur;
1725 2617 1783 2639 qnae
1813 2617 1847 2633 eo-

1001 2648 1071 2675 gnitio
1094 2647 1122 2669 ul·
1140 2648 1267 2675 Augustino
1290 2649 1465 2676 comprehensio
1484 2649 1578 2677 dicitur,
1597 2649 1624 2670 de
1642 2655 1688 2677 quo
1706 2649 1759 2671 vide
1777 2655 1846 2677 supra

1000 2693 1053 2714 pag.
1072 2687 1116 2714 69,
1136 2690 1193 2708 nota.
1213 2686 1232 2708 4.
1252 2687 1283 2708 Do
1301 2688 1456 2714 propositione
1474 2687 1622 2716 subsequenti
1642 2688 1681 2709 cfr.
1708 2689 1804 2716 Aristot..
1833 2688 1846 2710 l.

1001 2725 1084 2747 Foster.
1103 2731 1120 2747 c,
1140 2726 1176 2747 20.
1196 2725 1224 2753 (e.
1244 2725 1297 2753 at).

1064 2764 1072 2777 ⁷
1091 2764 1179 2786 Scilicet
1196 2764 1277 2786 iduato.
1295 2776 1326 2780 —
1349 2765 1371 2785 ln
1398 2765 1465 2787 codd.
1490 2765 1573 2793 FQW
1597 2769 1618 2787 et
1644 2765 1679 2787 cd.
1703 2766 1706 2786 1
1729 2766 1780 2787 voci
1798 2771 1846 2788 'mm

1364 2804 1427 2832 qnod
1453 2804 1633 2826 additunwntum
1660 2805 1726 2825 niinis
1755 2804 1846 2826 videtur

1002 2881 1068 2903 codd.
1088 2881 1106 2902 V
1118 2881 1174 2908 KZ,
1194 2881 1242 2902 Vat.
1270 2882 1291 2903 cl
1316 2887 1385 2909 ‹,·unt,·
1413 2882 1479 2903 codd.
1499 2884 1515 2903 A
1529 2882 1569 2903 ΡΗ
1581 2882 1611 2903 lll
1624 2882 1640 2903 l(
1654 2882 1671 2903 T
1697 2886 1719 2904 et
1737 2882 1772 2903 ulii
1791 2888 1843 2904 cum

1674 2967 1702 2988 37
