2215 3404
139 519 261 542 Augustinus.

281 224 340 252 450
970 223 1017 251 SEi
1024 223 1221 251 ‘TENTIARUM
1245 223 1302 251 tin.
1325 223 1342 251 1.

280 301 358 327 Pater
377 300 435 326 Filii
456 303 545 334 pater,
560 302 586 326 et
605 300 687 326 Filius
707 300 791 326 Patris
806 300 889 331 tilius,
911 300 946 327 ita
960 300 1065 327 die-atur
1081 308 1128 335 pa—

281 348 320 369 ter
340 342 457 378 Spiritus
476 342 564 369 sancte?
582 343 624 369 vel
644 343 710 369 Doni
730 346 821 377 pater,
841 346 866 369 et
885 343 1001 378 Spiritus
1020 346 1128 370 sanctus

280 386 322 413 vel
337 387 441 413 Donum
454 386 539 413 Patris
563 386 674 420 spiritus
688 386 729 412 vel
742 386 850 412 donum.
865 385 916 412 Sed
931 393 982 412 non
997 386 1033 413 ita
1050 389 1090 412 cst
1103 386 1128 412 in

280 429 404 456 omnibns
419 429 545 456 relativis.
559 429 616 455 Non
630 429 700 455 enim
714 429 815 460 onmia,
829 436 898 463 quae
912 429 1022 455 relative
1036 429 1130 455 diemi-

281 475 337 504 tur,
351 473 407 499 suis
420 472 454 498 ad
474 479 501 499 sc
516 472 630 498 invicem
645 472 808 506 respondent
821 472 967 499 vocabulis.
981 472 1057 499 Unde
1076 474 1130 498 Au—

280 515 401 549 gustinus
421 515 517 541 horum
540 514 641 541 elidens
661 514 826 549 opinionem,
847 515 872 541 in
895 514 988 548 quinto
1008 514 1077 541 libro
1096 514 1129 541 de

280 558 444 585 Trinitate¹:
467 569 477 581 «
497 558 555 584 Non
580 561 698 589 moveat,
725 558 823 592 inquit,
847 558 974 592 quoniam
1000 557 1129 590 diximus,

281 601 410 636 Spiritum
432 604 552 628 sanctum
568 608 619 627 non
640 601 725 635 ipsam
742 601 909 631 Trinitatem,
929 600 976 627 sed
999 608 1059 627 eum
1084 601 1130 635 qni

281 647 321 671 est
335 644 361 670 in
371 644 506 676 Trinitate,
520 644 630 670 relative
644 643 706 675 (lici,
720 643 783 670 licet
794 651 846 669 non
856 643 879 670 ei
892 643 1009 669 vicissim
1024 650 1131 677 respon-

282 688 343 714 deat
362 687 523 714 vocabulum
544 687 613 718 eins,
633 687 666 713 ad
681 693 762 721 quem
781 686 903 713 refertur.
922 686 1041 712 DIeimns
1060 686 1130 712 enim

281 730 409 764 Spiritum
429 732 550 756 sanctum
570 729 666 761 Patris,
686 729 734 755 sed
753 736 804 755 non
819 729 937 755 vicissim
958 728 1073 755 dicimus
1085 729 1132 755 Pa-

282 775 349 799 trem
363 772 478 807 Spiritus
497 772 597 804 sancti,
617 779 649 798 ne
672 772 742 798 filins
757 772 814 798 eius
834 771 996 805 intelligatur
1015 771 1131 805 Spiritus

280 819 396 842 sanctus.
417 816 480 842 Item
499 815 614 842 dicimus
634 815 763 850 Spiritum
783 818 904 842 sanctum
924 815 998 847 Filii,
1017 815 1130 842 sednon

1185 300 1300 327 dicimus
1320 300 1415 327 Filium
1430 300 1545 335 Spiritus
1565 301 1664 335 sancti,
1685 309 1717 329 nc
1736 304 1813 336 pater
1827 303 1885 329 eins
1905 303 2035 336 intelliga-

1187 346 1229 369 tur
1248 343 1363 377 Spiritus
1381 346 1497 370 sanctus.
1517 344 1544 370 In
1564 344 1655 371 multis
1674 345 1744 371 enim
1764 345 1883 372 relativis
1900 346 1951 372 1100
1971 353 2035 373 0011-

1186 386 1275 419 tingit,
1295 389 1323 413 ut
1343 393 1394 412 non
1409 386 1561 414 inveniatur
1577 387 1753 419 vocabulum,
1773 395 1826 422 qno
1846 388 1898 415 sibi
1916 389 2034 415 vicissim

1185 429 1373 463 respondeant.
1393 429 1458 456 Cum
1472 437 1535 464 ergo
1555 430 1670 457 dicimus
1686 430 1789 457 donum
1802 430 1894 457 Patris
1913 435 1937 458 et
1949 431 2033 462 Fz'lz‘z',

1186 480 1238 498 non
1258 472 1365 507 quidem
1385 480 1528 507 possumus
1547 473 1637 500 dicere
1654 477 1761 508 patrem
1791 473 1859 500 [loni
1876 477 1921 501 aut
1944 473 2035 509 filium

1186 514 1268 546 doni,
1287 516 1334 542 sed
1353 518 1382 542 nt
1400 516 1468 543 haee
1488 516 1606 543 vicissim
1630 516 1825 551 respondeant,
1851 516 1966 543 dicimus
1990 516 2034 543 do-

1185 565 1253 584 mam
1273 557 1429 589 domim-is,
1449 562 1475 585 et
1487 557 1645 585 donatorem
1658 558 1741 590 doni,
1756 559 1819 594 quia
1832 559 1877 586 hic
1896 559 1982 594 potuit
1996 560 2035 586 in-

1186 601 1271 627 veniri
1285 602 1412 628 usitatum
1425 602 1600 634 vocabulum,
1618 602 1673 629 illic
1686 610 1738 629 non
1751 603 1839 637 potuit
1851 614 1876 629 ».
1901 614 1912 626 «
1925 603 2035 630 Donum

1187 650 1250 678 ergo
1270 643 1427 675 donatoris,
1447 647 1473 671 et
1485 644 1600 671 donator
1613 644 1681 671 dom*
1699 653 1760 672 cum
1775 645 1903 678 dicimus,
1923 645 2033 672 relative

1187 689 1330 721 utrumqne
1359 687 1392 714 ad
1422 688 1537 714 invicem
1574 688 1689 715 dicimus
1711 699 1735 715 ».
1764 699 1775 712 «
1796 689 1918 715 Domator
1947 691 2034 715 tamen

1187 737 1240 756 non
1259 730 1308 756 snit
1326 730 1397 757 Deus
1417 731 1467 757 nisi
1486 738 1519 767 ex
1540 734 1673 765 tempore,
1699 739 1760 758 cnm
1782 732 1901 767 Spiritus
1927 734 2035 759 sanctus

1187 773 1221 799 sit
1240 772 1343 800 donum
1368 773 1448 800 etiam
1469 773 1502 801 ab
1522 777 1630 801 aeterno
1646 786 1668 800 ».

558 950 997 999 COMMENTARIUS
1031 950 1093 998 IN
1125 950 1565 999 DISTINCTIONEM
1598 951 1754 999 XXVI.

452 1078 497 1111 De
524 1077 760 1123 proprietatibus
786 1089 1005 1122 personarum,
1034 1077 1202 1111 secundum
1229 1078 1312 1123 quod
1338 1078 1367 1111 in
1393 1078 1468 1123 ipsis
1493 1078 1631 1123 personis
1657 1078 1860 1123 assignantur.

737 1196 803 1224 Iam
824 1196 858 1224 (16
876 1195 1109 1233 proprietatibus
1126 1204 1326 1232 persommmz
1347 1194 1500 1223 videamus
1521 1197 1572 1224 etc.

1019 1328 1141 1357 DIVISIO
1162 1328 1298 1357 TEXTUS.

359 1441 450 1477 Supra
472 1440 600 1476 Magister
622 1439 699 1476 egit¹
724 1439 758 1468 (le
781 1439 824 1468 liis
847 1446 919 1476 quae
941 1438 1074 1467 dicuntur
1096 1438 1131 1467 de

282 1488 338 1516 Deo
370 1487 526 1516 secundum
558 1486 776 1519 substcoitiam;
809 1486 853 1515 1110
875 1486 998 1514 seeundo
1019 1486 1076 1522 agit
1097 1485 1131 1514 de

284 1534 328 1563 his
359 1542 431 1571 quae
463 1533 596 1562 dicuntur
622 1533 656 1562 de
688 1533 745 1561 Deo
773 1532 929 1561 seeundum
951 1532 1130 1561 relationem..

284 1581 424 1609 Dividitur
452 1583 546 1609 antem
568 1580 635 1608 haec
657 1587 723 1617 pars
745 1579 772 1607 in
801 1580 880 1608 duas.
913 1580 941 1607 In
964 1579 1055 1616 prima
1076 1580 1132 1616 agit

283 1628 317 1656 de
339 1628 383 1656 his
404 1635 476 1664 qnae
498 1627 630 1655 dicuntur
656 1627 691 1655 de
712 1626 769 1655 Deo
787 1626 910 1663 proprie
931 1630 958 1655 et
979 1626 1132 1654 aeternali-

284 1678 334 1703 ter.
356 1675 385 1702 ln
417 1674 540 1703 secunda
571 1674 627 1711 agit
649 1674 683 1702 de
705 1674 749 1702 liis
771 1682 842 1711 quae
865 1674 998 1702 (licuntur
1020 1674 1054 1702 de
1075 1673 1131 1702 Deo

283 1721 480 1758 temporaliter
499 1723 526 1750 et
547 1721 739 1749 communiter
752 1720 772 1754 ²,
795 1721 868 1749 infra
889 1720 1066 1749 distinctione
1088 1720 1132 1748 tri-

284 1769 406 1806 gesima:
431 1768 505 1797 Sunt
527 1769 604 1796 enim
635 1768 798 1806 quaedam,
830 1776 905 1806 quae.
936 1776 971 1796 eat·
998 1771 1130 1805 tempore.

284 1815 375 1844 Prima
396 1815 498 1844 iterum
520 1822 586 1852 pars
607 1814 743 1843 dividitur
758 1814 785 1843 in
801 1815 887 1848 duas;
909 1814 975 1851 quia
993 1814 1131 1852 quaedam

284 1865 349 1891 sunt
371 1862 554 1899 proprietates
583 1862 640 1890 sive
674 1861 823 1890 relationes
843 1861 1027 1898 personales,
1049 1864 1076 1890 et
1097 1861 1132 1890 de

284 1909 328 1938 his
349 1909 405 1946 agit
434 1908 544 1945 primo,
573 1909 711 1945 quaedam
744 1917 803 1937 non
830 1908 1016 1945 personales,
1049 1908 1132 1937 etde

283 1956 327 1984 his
348 1956 404 1993 agit
426 1955 563 1989 secundo,
585 1955 656 1984 infra
678 1955 853 1984 distinctione
870 1955 1005 1992 vigesima
1021 1958 1130 1984 octava:

284 2003 443 2031 Praeterea
476 2002 663 2030 considerari
693 2005 817 2039 oportet,
840 2002 917 2040 quod
936 2011 995 2030 11011
1017 2005 1131 2030 tantum

284 2053 341 2077 tres
367 2053 417 2078 etc.
450 2049 541 2077 Prima
573 2049 675 2077 iterum
707 2057 773 2086 pars
795 2048 931 2077 dividitur
952 2049 979 2077 in
1001 2049 1080 2078 duas.
1102 2049 1132 2077 ln

284 2096 375 2133 prima
396 2096 519 2133 assignat
541 2096 727 2133 proprietates
747 2104 948 2133 personarum,
976 2096 1131 2125 secundum

283 2144 359 2181 quod
381 2144 408 2172 in
430 2143 497 2180 ipsis
519 2144 646 2180 personis
661 2144 848 2181 assignantur.
870 2143 898 2172 ln
920 2143 1043 2172 secunda
1064 2152 1132 2172 vero

283 2191 340 2227 agit
362 2190 396 2219 de
418 2190 494 2227 ipsis,
517 2191 673 2219 secundum
695 2191 771 2228 quod
793 2198 840 2219 eas
861 2191 994 2228 contingit
1014 2191 1133 2219 diversis

283 2238 442 2267 nominibus
473 2238 604 2275 exprimi,
625 2237 697 2266 infra
722 2238 897 2267 distinetione
931 2238 1065 2275 vigesima
1094 2246 1133 2267 se-

284 2285 385 2322 ptima:
408 2285 463 2313 Hic
484 2285 590 2322 quaeri
606 2288 712 2321 potest,
733 2288 837 2313 utrum
854 2285 1050 2322 proprietates
1080 2288 1131 2313 eto.

364 2331 455 2359 Prima
475 2339 542 2368 pars
564 2331 648 2359 habet
669 2331 749 2359 duas.
771 2330 799 2359 111
817 2331 921 2368 prima
943 2331 1071 2368 Magister
1092 2339 1133 2360 as-

285 2378 374 2414 signat
405 2378 590 2415 proprietates
621 2385 816 2414 personarum.
847 2377 876 2405 In
908 2377 1037 2405 3661111110
1065 2385 1132 2406 vero

285 2424 358 2453 circa
389 2424 604 2461 assignationem
636 2428 730 2453 movet
761 2424 979 2456 dubitationem.
1002 2424 1053 2452 ibi:
1076 2424 1132 2452 Hie

286 2471 453 2508 quaeritur,
469 2471 611 2509 qztoiizodo
623 2471 783 2508 proprium
794 2471 913 2499 dicatur
925 2479 984 2499 esse
995 2474 1064 2499 mato
1079 2474 1130 2500 ete.

365 2517 472 2545 Prima
493 2526 559 2555 pars
591 2518 675 2546 habet
706 2521 763 2547 tres
784 2520 877 2555 partes
899 2518 1054 2546 secundum
1077 2518 1131 2546 tria

287 2563 407 2601 capitula
420 2564 438 2592 ³.
462 2564 490 2592 ln
512 2564 601 2601 prima
629 2564 808 2598 determinat,
830 2564 933 2601 quibus
954 2564 1131 2601 assignentur

1188 1438 1381 1475 proprietates,
1402 1439 1468 1476 quia
1490 1438 1694 1476 hypostasibus.
1711 1438 1739 1467 In
1761 1438 1884 1467 secunda
1905 1438 2035 1476 assignat,

1188 1493 1260 1522 quae
1281 1486 1336 1514 sint
1367 1485 1430 1514 illae
1462 1486 1662 1523 proprietates,
1694 1485 1744 1514 ibi:
1766 1486 1833 1514 Iam
1854 1485 1888 1514 de
1907 1485 2037 1523 proprie-

1190 1532 1297 1561 tatibus
1315 1541 1515 1570 personarum
1536 1533 1698 1561 videamus.
1715 1532 1806 1561 Tertio
1821 1532 1951 1567 ostendit,
1967 1532 2035 1570 quid

1189 1579 1243 1608 sint
1264 1579 1327 1608 illae
1348 1580 1550 1617 proprietates,
1570 1580 1702 1617 quoniam
1718 1581 1783 1608 sunt
1804 1579 1953 1608 relationes
1977 1579 2036 1608 sive

1189 1626 1278 1655 dictae
1300 1627 1456 1655 secundum
1485 1626 1664 1661 relationem,
1686 1634 1740 1654 non
1763 1629 1855 1655 tamen
1878 1626 2035 1655 secundum

1189 1673 1332 1707 accidens,
1348 1676 1375 1701 et
1389 1673 1442 1702 1106
1456 1673 1538 1702 tertio
1557 1673 1680 1710 capitulo
1701 1672 1774 1707 facit,
1806 1673 1855 1701 ibi:
1890 1672 2036 1709 Quoez'rea

1188 1719 1340 1747 sciendum
1360 1723 1410 1753 est,
1432 1728 1489 1748 11011
1511 1728 1593 1748 omne
1615 1722 1666 1748 ete.

1268 1766 1323 1794 Hic
1336 1766 1503 1804 quaeritur,
1518 1767 1660 1805 quomodo
1672 1766 1792 1794 dicatur
1806 1774 1865 1794 esse
1876 1765 2036 1803 proprium

1188 1817 1258 1842 nato
1280 1814 1346 1842 Deo.
1370 1814 1440 1843 Haec
1465 1817 1507 1843 est
1534 1814 1665 1842 secunda
1696 1822 1778 1851 pars,
1800 1814 1827 1842 in
1859 1822 1915 1851 qua
1944 1816 2037 1843 movet

1188 1860 1375 1890 dubitationes
1396 1861 1477 1889 iuxta
1503 1861 1660 1898 praedictas
1681 1861 1897 1898 assignationes,
1919 1864 1946 1890 et
1966 1861 2036 1890 haee

1188 1916 1254 1945 pars
1285 1908 1369 1937 habet
1404 1908 1482 1937 duas.
1518 1908 1547 1936 In
1581 1908 1673 1945 prima
1707 1911 1800 1936 movet
1834 1907 2036 1937 dubitationem

1188 1957 1284 1983 contra
1311 1955 1525 1992 assignationem
1557 1955 1736 1992 proprietatis
1768 1954 1835 1983 Filii.
1859 1955 1887 1983 ln
1913 1955 2036 1984 secunda

1188 2004 1285 2030 contra
1306 2001 1520 2039 assignationem
1535 2001 1713 2039 proprietatis
1728 2001 1848 2039 Spiritus
1859 2002 1960 2036 sancti,
1982 2001 2034 2030 ihi:

1188 2048 1244 2077 Hie
1265 2048 1371 2086 quaeri
1386 2052 1495 2086 potest,
1516 2052 1619 2077 utrum
1642 2049 1740 2077 Pater.
1763 2049 1856 2077 Prima
1870 2057 1935 2085 pars
1950 2048 2036 2077 habet

1189 2097 1269 2126 duas.
1290 2097 1319 2125 ln
1347 2097 1439 2134 prima
1465 2097 1595 2134 proponit
1626 2097 1817 2134 quaestionem
1838 2099 1865 2125 et
1886 2096 1969 2125 solvit
1990 2104 2037 2125 au-

1189 2143 1335 2173 ctoritate⁴
1356 2143 1459 2172 Hilarii.
1490 2143 1519 2172 111
1551 2143 1674 2173 secunda
1705 2144 1782 2172 illam
1804 2142 1970 2172 solutionem
1991 2150 2037 2180 ap-

1189 2190 1273 2227 plicat
1293 2190 1377 2219 etiam
1392 2190 1465 2219 circa
1479 2190 1678 2228 proprietatem
1701 2190 1820 2228 Spiritus
1842 2189 1942 2224 sancti,
1964 2196 2036 2226 quae

1189 2241 1231 2266 est
1253 2238 1372 2272 1101111111,
1398 2238 1465 2266 ihi>
1481 2238 1528 2266 Ita
1550 2238 1638 2266 etiam
1660 2238 1694 2266 de
1724 2237 1840 2275 Spiritu
1860 2240 1963 2266 saneto
1996 2236 2037 2265 etz·-

1190 2284 1313 2313 eendum
1334 2288 1382 2313 est.

1268 2331 1399 2360 Similiter
1431 2332 1556 2360 secunda
1586 2339 1652 2369 pars
1684 2331 1768 2360 habet
1789 2331 1860 2360 duas
1881 2334 1983 2368 partes.
2006 2331 2036 2360 ln

1190 2378 1282 2415 prima
1304 2378 1413 2415 quaerit
1434 2381 1461 2407 et
1482 2378 1579 2412 solvit3
1601 2378 1629 2406 in
1651 2378 1775 2407 secunda
1796 2378 1976 2415 quorundam
1991 2386 2036 2416 po-

1190 2425 1316 2454 sitionem
1346 2425 1493 2462 improbat.
1528 2425 1651 2454 Primum
1683 2425 1747 2454 facit
1779 2425 1830 2453 ibi:
1853 2425 1909 2453 Hie
1931 2424 2037 2463 quaeri

1188 2475 1298 2508 potest,
1320 2474 1422 2499 utrum
1443 2472 1534 2499 Pater
1549 2475 1615 2506 ete.;
1637 2471 1792 2500 secundum
1814 2471 1879 2500 facit
1900 2471 1952 2500 ihi:
1970 2471 2037 2507 Qui-

1190 2518 1258 2546 dam
1282 2521 1376 2546 tamen
1395 2522 1513 2555 putant,
1535 2518 1681 2555 Spiritum
1701 2522 1838 2547 sanctum
1858 2521 1909 2547 etc.

350 2768 356 2781 1
375 2767 429 2796 Cap.
452 2768 484 2790 12.
502 2774 522 2790 n.
545 2768 586 2796 13;
603 2771 725 2796 sequentes
738 2769 780 2790 loci
792 2768 847 2790 ibid.
861 2774 879 2791 c.
895 2768 929 2791 l5.
942 2772 964 2791 et
980 2769 1013 2791 16.
1027 2776 1047 2791 n.
1062 2770 1097 2791 116.
1110 2773 1132 2792 et

292 2807 324 2828 l’.
336 2818 367 2822 —
379 2807 428 2829 Vnt.
442 2813 495 2829 cum
508 2807 588 2834 paucis
600 2806 652 2829 edd.
665 2807 686 2829 et
697 2806 727 2829 ab
744 2807 838 2829 aeterno
852 2813 893 2835 pro
906 2806 977 2830 etium
988 2806 1017 2830 ab
1029 2809 1131 2831 aeterno.

504 2883 598 2906 NOTAE
616 2883 652 2906 Ab
671 2883 917 2907 COMMENTARIUM.

351 2961 356 2975 ¹
376 2961 425 2983 Vat.
443 2964 533 2989 praeter
550 2962 619 2984 fidem
642 2962 708 2985 codd.
732 2965 754 2985 et
771 2962 806 2985 ed.
829 2963 834 2984 1
857 2963 929 2985 verbo
946 2962 992 2993 effi!
1009 2964 1133 2991 praemittit

287 2999 454 3029 multipliciter.

1252 2770 1261 2784 ²*
1279 2769 1315 2791 Sic
1332 2769 1399 2791 codd.
1418 2775 1460 2791 nec
1477 2775 1522 2791 non
1540 2769 1576 2791 ed.
1592 2770 1611 2791 11.
1624 2769 1674 2792 Vat.
1692 2775 1815 2797 perperam
1833 2769 1915 2791 omittit
1931 2768 2002 2791 verba
2014 2769 2035 2791 et

1190 2807 1359 2836 communiter,
1383 2810 1405 2830 et
1425 2808 1494 2836 paulo
1515 2809 1622 2836 superius
1643 2809 1700 2831 inter
1717 2807 1789 2830 verba
1807 2808 1854 2830 Deo
1875 2807 2036 2837 temporaliter

1189 2848 1294 2870 interjicit
1308 2847 1405 2877 proprie
1421 2848 1449 2870 et.

1252 2886 1262 2900 ³
1278 2886 1301 2908 ln
1319 2886 1366 2908 sola
1383 2886 1433 2908 Vat.
1458 2885 1617 2908 desiderantur
1628 2885 1699 2908 verba
1712 2884 1842 2909 secandum
1860 2884 1908 2908 tria,
1919 2884 2031 2914 capitula,

1190 2929 1212 2948 et
1228 2931 1287 2954 qnae
1305 2925 1373 2953 paulo
1391 2925 1485 2947 inferius
1496 2927 1636 2954 sequuntur:
1654 2926 1676 2947 et
1687 2924 1730 2947 hoc
1742 2924 1808 2947 tertio
1826 2923 1928 2953 capitulo
1944 2923 2008 2952 facil.

1253 2964 1261 2978 ⁴
1280 2965 1322 2987 Pro
1338 2963 1479 2988 anctoritate
1496 2964 1573 2992 plures
1583 2964 1650 2986 codd.
1668 2970 1722 2986 eum
1739 2964 1775 2986 ed.
1790 2964 1798 2985 =t
1814 2969 1937 2991 perperam
1954 2963 2035 2985 auoto-

1190 3003 1291 3027 ritalem.
1303 3016 1334 3020 -——
1345 3004 1395 3026 Vnt.
1413 3004 1472 3026 sola:
1489 3003 1630 3026 auctoritate
1646 3002 1775 3033 Anyuslini
1789 3003 1812 3025 et
1828 3001 1920 3025 Hilarii.

2204 3218 2205 3221 .
2193 2961 2215 3211 *zi-2:222?-
