2215 3404
214 949 314 967 Conclusio
323 950 338 968 l.

350 161 405 188 ost}

429 239 453 266 tl.
477 239 557 272 ltem,
580 238 688 266 bonitas
709 240 855 266 creaturae
877 241 1037 275 comparata
1058 238 1093 266 ad
1116 238 1190 266 boni-

351 288 431 312 tatem
458 285 597 313 Creatoris
617 288 659 313 est
686 285 758 313 sicut
780 287 900 322 punctus
927 285 962 313 ad
985 285 1101 317 lineam,
1124 292 1190 321 ergo

349 331 476 359 similiter
505 331 608 360 veritas
638 331 673 359 ad
704 331 867 365 veritatem;
893 331 942 360 sed
968 331 989 359 si
1019 331 1190 367 intelligatur

349 380 469 414 punctus
490 378 613 406 amoveri
635 386 651 406 a
673 378 760 411 linea,
781 386 836 406 non
865 380 906 406 est
934 377 1006 405 linea
1029 375 1119 405 minor
1140 385 1191 406 nec

348 424 548 460 imperfectior:
571 432 637 461 ergo
658 425 680 453 si
702 424 776 452 Deus
792 424 936 452 veritatem
951 431 1031 452 suam
1053 423 1192 460 cognoscit

348 470 406 498 sine
427 470 543 499 veritate
564 474 719 500 creaturae.
735 470 918 498 nihilominus
933 478 984 498 sua
999 470 1117 506 cognitio
1132 477 1192 506 per-

350 517 417 545 fecta
440 520 489 545 est.

662 634 840 655 CONCLUSI
853 634 876 655 O.

448 735 524 762 Dens
545 735 692 772 cognoscit
711 735 797 763 aliud
817 743 836 762 a
857 743 896 767 se,
919 739 951 762 at
973 743 1029 762 uon
1048 742 1103 771 per

616 781 717 815 aliztd,
738 781 789 809 sed
806 790 860 818 ρι’)-
881 790 918 809 se..

425 890 603 918 Resrounno:
626 889 794 922 Dicendum,
821 890 897 926 quod
925 890 1011 926 pium
1043 893 1069 918 et
1103 897 1191 917 ncces-

348 937 466 964 sarium
491 940 530 965 est
564 937 673 970 dicere,
705 937 780 973 quod
812 936 887 965 Deus
908 937 985 965 aliud
1007 945 1023 964 a
1045 944 1073 965 se
1095 944 1192 972 cogno-

346 987 418 1012 scat:
438 984 523 1020 pium
544 983 657 1020 quidem
670 1006 676 1017 ,
698 983 763 1020 quia
785 984 875 1012 omnis
890 986 984 1012 rectus
1005 984 1117 1012 animus
1140 984 1191 1011 hoc

346 1030 428 1061 dicit,
450 1031 514 1067 quia
535 1039 590 1059 non
612 1031 678 1059 latet
709 1031 797 1059 Deum
830 1031 902 1067 quod
937 1031 1076 1067 cognoscit
1098 1033 1191 1059 noster

345 1077 470 1110 ani1nus;
503 1077 718 1111 ›iocosam-inin,
750 1078 881 1114 quoniam
914 1085 969 1105 non
1000 1080 1090 1114 potest
1120 1085 1191 1113 opus

346 1123 431 1152 latere
463 1124 699 1160 sapientissimum
731 1124 868 1161 opificem.
892 1124 922 1152 Et
948 1124 1009 1152 ideo
1031 1124 1189 1161 oppositum

345 1170 437 1199 dicere
459 1175 500 1199 est
522 1171 639 1208 impium
661 1174 687 1199 et
709 1171 888 1208 impossibile.

424 1218 453 1245 El
476 1221 622 1254 propterea
644 1218 679 1246 ad
709 1217 917 1254 intelligentiam
951 1217 1123 1245 obiectorum
1146 1225 1191 1244 no-

345 1264 476 1292 tandum.
499 1264 572 1301 quod
595 1272 765 1301 cognoscere
786 1263 871 1292 alind
891 1267 931 1292 est
955 1263 1118 1300 dupliciter:
1142 1266 1190 1291 aut

344 1318 394 1347 per
425 1311 510 1339 calend
540 1320 559 1339 a
588 1320 617 1339 sc
648 1315 844 1348 cognoscente,
867 1314 915 1339 aut
933 1319 1046 1347 perse.
1073 1310 1190 1346 Quando

344 1366 512 1394 cognoscens
537 1358 676 1394 cognoscit
704 1358 780 1386 aliud
813 1361 839 1386 et
859 1366 912 1394 per
934 1357 1035 1390 alind,
1058 1360 1124 1385 tunc
1147 1365 1191 1386 ve-

344 1413 408 1432 rum
429 1408 478 1437 est,
500 1405 575 1441 quod
598 1404 795 1441 perfectionem
817 1404 901 1432 habet
922 1404 1052 1438 aliunde,
1074 1407 1101 1432 et
1122 1406 1189 1433 tunc

344 1451 404 1479 eius
435 1451 593 1479 intellectus
624 1454 666 1479 est
694 1450 719 1478 in
752 1450 876 1487 potentia
898 1453 924 1478 et
945 1451 1044 1487 recipit
1075 1450 1189 1479 aliunde

344 1497 539 1534 perfectionem
562 1500 588 1525 et
611 1497 672 1525 ideo
687 1497 857 1525 additionem
872 1501 899 1525 et
914 1497 1189 1529 transmutationem,

344 1547 370 1572 et
390 1544 442 1572 hoc
463 1544 576 1572 omniuo
604 1544 775 1581 impossibile
796 1548 838 1572 est:
859 1544 933 1573 circa
954 1544 1052 1572 Deum.
1078 1545 1123 1573 Est
1145 1544 1190 1573 ite-

344 1598 409 1618 rum
429 1590 506 1619 aliud
527 1599 693 1627 cognoscere
724 1599 775 1627 per
805 1599 852 1623 sc„-
873 1594 899 1619 et
921 1593 987 1619 tunc
1021 1598 1189 1627 cognoscens

346 1641 387 1666 est
408 1638 505 1666 actus¹
528 1640 657 1674 respectu
673 1637 878 1674 cognoscibilis,
893 1641 919 1666 et
936 1641 1001 1666 tunc
1023 1645 1076 1665 non
1092 1638 1190 1675 recipit

302 1686 312 1694 '
346 1684 542 1720 perfectionem
574 1692 590 1712 a
612 1684 806 1721 cognoscibili,
828 1684 876 1712 sed
899 1684 987 1721 magis
1009 1691 1024 1712 θ
1046 1692 1189 1713 converso.

214 1742 313 1760 Conclusio
318 1741 335 1759 ⁹2.

288 1856 302 1868 -k

217 1882 288 1908 Solutio
301 1887 334 1905 op-

217 1908 327 1928 pnsum-um.

206 2115 281 2138 Triplex
297 2120 334 2132 mo-

226 2138 260 2156 dus
268 2143 335 2161 cogno-

226 2161 290 2180 scendi
296 2161 340 2179 alia.

347 1730 378 1758 Et
399 1731 451 1759 hoc
474 1731 556 1759 modo
578 1730 707 1767 ponimus
728 1730 815 1759 Deum
838 1738 1005 1767 cognoscere
1026 1730 1104 1759 aliud
1125 1739 1141 1758 a
1161 1738 1190 1759 se

345 1785 396 1814 per
417 1786 446 1805 sc
469 1777 572 1813 ipsum.

427 1825 451 1851 l.
474 1824 504 1852 Et
525 1824 563 1852 sic
585 1833 638 1852 non
662 1824 785 1861 procedit
807 1824 897 1861 prima
919 1824 1001 1858 ratio,
1023 1825 1071 1853 sed
1097 1832 1192 1853 secun-

347 1871 414 1899 dum
437 1870 555 1907 primam
579 1871 670 1905 viam,
692 1874 719 1899 et
739 1871 877 1899 intellexit
899 1871 936 1898 ita
956 1871 1152 1908 Philosophus,
1168 1872 1191 1900 si

345 1924 446 1946 verum
466 1917 546 1946 dixit.

426 1966 451 1993 Q.
474 1965 511 1993 Ad
534 1965 604 1993 illud
635 1965 710 2001 quod
742 1965 872 1993 obiicitur
900 1965 1038 1997 secundo,
1071 1965 1146 2001 quod
1168 1966 1190 1994 si

347 2012 420 2040 Deus
442 2012 581 2048 cognoscit
609 2012 685 2040 alind
718 2020 731 2039 a
755 2019 799 2046 se,
828 2019 895 2048 ergo
917 2011 1022 2048 aliquid
1044 2014 1125 2040 extra
1147 2020 1189 2045 se;

347 2059 513 2092 dicendum,
545 2059 620 2095 quod
653 2066 820 2095 cognoscere
850 2058 957 2095 aliquid
989 2062 1075 2086 entra
1100 2067 1129 2086 sc
1150 2061 1191 2087 est

348 2105 507 2142 tripliciter:
530 2108 578 2133 aut
599 2113 648 2141 per
670 2105 775 2142 aliquid
797 2105 981 2141 conceptnm²
1003 2105 1038 2133 ah
1057 2110 1149 2137 extra,
1165 2108 1191 2134 et

349 2151 387 2180 sic
412 2152 547 2188 dependet
567 2152 686 2188 cognitio
707 2152 742 2180 ab
763 2152 937 2185 extrinseco,
964 2154 991 2180 et
1012 2152 1051 2180 sic
1074 2160 1127 2180 non
1150 2156 1191 2181 est

348 2197 478 2234 possibile
491 2206 593 2234 ponere
609 2198 634 2226 in
651 2198 718 2232 Deo,
733 2200 782 2226 aut
797 2205 963 2234 cognoscere
978 2198 1083 2234 aliquid
1100 2201 1189 2233 extra,

348 2245 412 2282 quia
444 2248 572 2282 aspectus
593 2245 782 2281 cognoscentis
803 2244 963 2281 deflectitur
993 2248 1087 2278 ‹arti-a,
1120 2246 1192 2274 sicut

348 2292 487 2328 cognoscit
508 2291 639 2328 Angelus,
661 2294 709 2319 ant
729 2291 794 2327 quia
816 2291 887 2319 illud
908 2291 983 2328 qnod
1005 2295 1047 2319 est
1067 2291 1143 2319 aliud
1164 2295 1191 2320 et

349 2338 509 2372 diversum,
531 2337 613 2366 habet
634 2342 732 2366 ortum
753 2337 789 2366 ab
811 2338 912 2371 *inti-a,
945 2342 972 2366 et
994 2338 1031 2366 ita
1053 2338 1127 2375 quod
1150 2341 1191 2367 est

348 2388 427 2413 extra
448 2385 623 2421 cognoscitur
644 2392 694 2421 per
715 2384 828 2412 omnino
852 2385 1048 2418 intrinsecum,
1081 2389 1107 2413 et
1140 2385 1191 2413 hoc

349 2431 430 2459 modo
452 2430 591 2467 cognoscit
618 2430 704 2464 Dens,
726 2430 829 2459 scilicet
862 2439 911 2467 pcr
933 2430 1093 2467 exemplar.
1116 2431 1190 2468 quod

1035 161 1286 189 SENTENTIARUM
1308 161 1367 188 LIB.
1391 161 1407 188 l.

1246 240 1287 266 est
1309 238 1382 267 idem
1404 238 1478 275 quod
1501 238 1574 275 ipse,
1596 246 1612 266 a
1627 246 1742 275 queres
1756 242 1969 275 cognoscuntur.
1994 240 2022 267 Ει
2037 240 2089 268 hoc

1247 285 1329 313 modo
1351 285 1420 313 nihil
1441 285 1515 313 valet
1535 285 1659 314 obiectio.

1327 331 1352 359 3.
1374 332 1412 359 Ad
1436 331 1504 359 illud
1526 332 1600 368 quod
1622 331 1751 360 ol‘iiicitur
1772 332 1869 366 tertie,
1891 332 1965 369 quod
1988 332 2023 360 ab
2048 340 2090 361 ae-

1248 380 1326 405 terno
1348 378 1399 406 t'uit
1421 386 1508 406 uuum
1532 378 1622 406 solum
1638 386 1702 412 ens;
1718 378 1877 413 dicendum,
1892 379 1966 415 quod
1982 379 2088 416 duplex

1247 426 1289 451 est
1310 424 1349 451 rei
1371 433 1443 457 esse,
1466 424 1569 453 scilicet
1592 424 1621 452 ιή
1641 433 1687 457 se,
1703 427 1729 452 et
1745 424 1774 452 in
1795 433 1852 453 stra
1873 433 1983 458 causa,
2006 425 2033 454 id
2049 428 2089 454 est

1247 471 1274 498 in
1296 470 1409 507 proprio
1431 478 1547 507 genere,
1570 473 1596 499 et
1618 470 1644 498 in
1667 471 1831 508 exemplari.
1856 471 1885 499 Et
1905 471 1940 499 ad
1963 471 2091 508 cognitio·
2106 471 2215 498 Noomin*¹

1248 524 1311 545 nem
1345 517 1382 545 rei
1415 516 1518 545 sufficit
1545 517 1693 546 existentia
1721 518 1781 546 eins
1814 518 1838 545 in
1868 526 1951 546 cansa
1974 518 2032 547 sive
2064 519 2091 546 in
2204 515 2208 549 i

1248 563 1423 600 exemplari;
1444 567 1471 592 et
1502 564 1567 600 quia
1598 572 1648 601 per
1679 564 1825 601 exemplar
1849 567 2090 601 repraesentatur,
2203 577 2208 591 ι

1249 611 1320 639 sicut
1350 611 1445 639 futura
1473 614 1514 639 est
1543 611 1569 638 iu
1598 611 1712 647 proprio
1741 619 1857 647 genere,
1881 611 1942 639 ideo
1964 619 2012 648 per
2034 612 2091 640 exi-

1249 657 1377 686 stentiam
1400 657 1426 685 in
1448 657 1603 694 exemplari
1626 658 1739 685 omnino
1754 658 1946 694 cognoscitur,
1968 658 2040 687 sicut
2054 658 2093 687 su-

1250 707 1312 732 tura
1333 707 1386 737 est,
1408 712 1458 732 nec
1479 704 1560 733 aliter
1582 705 1766 741 cognoscitur,
1781 708 1928 741 postquam
1950 705 2021 734 facta
2042 710 2092 734 est.

1249 750 1327 787 Quod
1350 758 1416 787 ergo
1447 750 1602 784 obiicitur,
1635 751 1710 787 quod
1739 750 1774 778 ab
1795 753 1909 779 aeterno
1930 751 1982 779 fuit
2002 759 2090 779 unum

1248 797 1339 826 solnm
1360 805 1425 831 ens3
1448 797 1614 831 dicendum,
1636 797 1711 834 quod
1733 805 1831 825 verum
1854 801 1908 831 est,
1930 797 1956 825 in
1978 798 2092 835 proprio
2203 802 2206 823 t

1248 852 1348 880 genere
1370 844 1476 873 sivein
1509 852 1568 873 esse
1600 843 1714 877 actuali;
1746 844 1834 872 multa
1866 847 1956 872 tamen
1979 844 2093 873 fuerunt
2204 835 2205 839 ¹

1248 890 1275 918 in
1297 899 1393 919 causa.
1409 893 1435 919 ct
1449 898 1510 919 esse
1532 890 1600 918 illud
1622 894 1682 919 erat
1704 891 1774 919 ratio
1796 891 1977 927 cognoscendi
1998 899 2093 920 secun-

1248 937 1314 965 dum
1339 941 1493 974 utrumque
1515 937 1628 965 modum
1652 937 1770 965 essendi.

1326 984 1351 1012 Ιι.
1374 984 1412 1012 Ad
1434 984 1504 1011 illud
1525 984 1598 1020 qnod
1622 983 1753 1012 obiicitur
1782 987 1881 1021 quarto
1903 984 1938 1013 de
1959 984 2093 1013 assimila-

1248 1030 1336 1060 tione.
1358 1030 1525 1063 dicendum,
1547 1030 1619 1058 sicut
1640 1038 1726 1067 supra
1748 1030 1853 1059 dictum
1875 1031 1927 1059 suit
1952 1031 1979 1059 in
2011 1038 2093 1068 quae-

1247 1076 1334 1104 stione
1363 1076 1397 1105 de
1429 1076 1529 1111 ideiS²¹,
1561 1077 1635 1113 quod
1658 1077 1693 1105 ad
1725 1076 1908 1113 cognitionem
1938 1077 2092 1114 requiritur

1247 1122 1422 1155 assimilatio,
1444 1131 1498 1151 non
1531 1131 1580 1160 per
1608 1123 1829 1152 convenientiam
1858 1123 1884 1151 in
1918 1131 2019 1160 genere
2048 1125 2089 1153 vel

1247 1169 1353 1206 specie,
1376 1170 1423 1197 sed
1447 1169 1601 1198 secundum
1624 1170 1758 1198 rationem
1774 1169 1965 1207 exprimendi.
1982 1170 2012 1198 Et
2026 1178 2092 1207 quo·
2106 1161 2215 1200 Notandutii

1248 1216 1320 1244 niam
1343 1216 1437 1244 divina
1459 1216 1562 1244 veritas
1584 1224 1640 1244 una
1661 1219 1687 1245 et
1709 1224 1820 1245 summa
1841 1216 2022 1254 expressione
2047 1225 2094 1245 ex-

1248 1262 1342 1298 primit
1363 1270 1392 1291 se
1413 1266 1439 1291 et
1461 1263 1530 1294 alia;
1553 1262 1615 1291 ideo
1637 1270 1747 1291 summa
1769 1263 1931 1291 assimilatio
1959 1266 2016 1296 est,
2037 1271 2090 1292 non

1249 1312 1353 1337 tantum
1384 1313 1513 1346 respectu
1535 1309 1593 1338 sui.
1626 1309 1674 1338 sed
1706 1309 1788 1338 etiam
1812 1312 1940 1346 respectu
1962 1309 2091 1338 aliorum.

1249 1356 1278 1383 Et
1299 1356 1336 1383 ita
1358 1358 1433 1392 patet
1454 1356 1532 1384 illud.

1327 1404 1351 1431 ἰ).
1374 1403 1412 1432 Ad
1434 1403 1504 1431 illud
1526 1403 1601 1440 quod
1623 1403 1765 1437 obiicitur,
1787 1403 1861 1440 quod
1884 1404 2007 1440 potentia
2028 1404 2092 1433 dici-

1247 1452 1292 1477 tur
1315 1450 1451 1486 perfecta.
1475 1450 1558 1478 etiam
1580 1450 1602 1478 si
1624 1450 1693 1477 nihil
1715 1450 1804 1483 faciat,
1826 1458 1893 1487 ergo
1914 1452 1979 1485 etc.;
2001 1450 2091 1479 dicen-

1247 1497 1324 1531 dum,
1345 1496 1420 1533 quod
1442 1504 1495 1524 non
1511 1499 1553 1525 est
1567 1496 1658 1525 simile
1679 1497 1713 1525 de
1728 1499 1792 1525 actu
1806 1495 1940 1533 faciendi
1961 1499 2089 1534 respectu
2139 1504 2192 1537 ouer
2214 1516 2215 1522 1

1243 1543 1405 1580 potentiae,
1437 1546 1464 1572 et
1494 1543 1607 1571 sciendi
1631 1547 1760 1579 respectu
1783 1543 1995 1581 intelliqentz'ac.
2023 1544 2089 1572 Nam
2100 1528 2215 1570 ἓῗῑὲῗεὲῗὲἶῖ

1245 1588 1345 1626 facere
1366 1592 1407 1618 est
1428 1593 1507 1618 actus
1528 1593 1559 1618 ut
1580 1592 1660 1619 actus
1681 1592 1707 1618 et
1729 1593 1760 1617 ut
1785 1589 1944 1626 egrediens,
1967 1590 2013 1627 qui
2036 1598 2089 1619 non

1246 1637 1310 1665 facit
1331 1636 1541 1673 perfectionem,
1557 1637 1606 1665 sed
1622 1637 1804 1673 consequitur
1819 1638 1846 1665 et
1859 1639 2020 1671 attestaturg
2043 1637 2089 1666 sed

1246 1683 1322 1711 scire
1343 1686 1384 1711 est
1405 1686 1484 1711 actus
1506 1686 1536 1711 nt
1557 1683 1686 1716 habitus,
1709 1682 1755 1719 qui
1778 1682 1951 1719 significatur
1972 1685 2004 1711 ut
2031 1690 2092 1719 per-

1247 1729 1327 1758 fectio
1347 1730 1484 1766 potentiae
1498 1730 1515 1757 ⁴.
1538 1729 1675 1766 Quoniam
1696 1729 1781 1766 igitur
1802 1729 1896 1758 divina
1911 1729 2092 1767 intelligentia

1247 1780 1288 1806 est
1310 1777 1525 1814 perfectissima,
1548 1777 1609 1805 ideo
1631 1785 1683 1804 uon
1706 1779 1814 1804 tantum
1830 1777 1976 1814 coynoscz‘t
1989 1777 2091 1814 aliqua,

1247 1825 1295 1853 sed
1318 1831 1399 1852 omne
1430 1824 1506 1861 quod
1534 1826 1624 1860 potest
1644 1824 1787 1859 cognosci,
1817 1831 1869 1851 non
1902 1827 1996 1851 autem
2017 1822 2092 1861 facit

1247 1878 1329 1899 omne
1350 1870 1426 1907 quod
1447 1873 1537 1907 potest
1558 1870 1627 1898 fieri.

1327 1919 1351 1946 6.
1374 1917 1412 1945 Ad
1434 1917 1504 1945 illud
1526 1917 1600 1954 quod
1622 1917 1721 1945 ultimo
1736 1917 1874 1951 obiicitur,
1896 1917 1971 1954 quod
1987 1918 2090 1946 veritas

1247 1968 1393 1993 creaturae
1424 1964 1493 1992 nihil
1525 1964 1589 1992 facit
1619 1964 1654 1992 ad
1695 1963 1814 2000 primam
1847 1964 1991 1992 veritatem
2025 1967 2091 2000 etc.;

1248 2012 1410 2041 dicendum„
1426 2012 1501 2048 quod
1518 2019 1614 2040 verum
1637 2013 1687 2045 est,
1709 2014 1736 2039 et
1758 2011 1819 2039 ideo
1840 2019 1929 2048 aeque
1950 2011 2051 2040 nobilis
2065 2014 2092 2041 et

1248 2059 1369 2095 perfecta
1390 2061 1450 2087 erat
1471 2058 1562 2095 prima
1582 2058 1685 2086 veritas
1706 2060 1770 2086 ante
1796 2058 1964 2087 creationem
1995 2059 2093 2088 verita-

1248 2108 1307 2133 tum
1329 2105 1466 2138 aliarum‚
1487 2105 1559 2133 sicut
1580 2108 1649 2141 post.
1679 2105 1732 2133 Sed
1761 2108 1853 2133 tamen
1875 2112 1994 2141 ponere,
2015 2106 2089 2142 quod

1247 2152 1341 2188 aliqua
1363 2151 1466 2180 veritas
1488 2151 1535 2185 sit,
1557 2154 1583 2179 et
1604 2159 1659 2179 non
1682 2151 1717 2180 sit
1731 2159 1746 2179 a
1763 2151 1884 2179 Veritate
1905 2154 2035 2185 aeterna,
2050 2155 2092 2180 est

1247 2206 1350 2235 ponere
1372 2198 1492 2235 primam
1515 2198 1660 2226 veritatem
1688 2206 1741 2225 non
1766 2205 1827 2226 esse
1856 2205 2010 2232 summam3
2032 2198 2092 2227 sic5

1247 2253 1359 2282 ponere,
1381 2245 1503 2281 aliquam
1526 2244 1671 2273 veritatem
1697 2252 1773 2275 esse,
1796 2248 1823 2273 et
1845 2252 1899 2272 non
1921 2252 1982 2273 esse
2003 2245 2094 2281 cogni-

1248 2296 1319 2323 tam,
1341 2291 1412 2320 tollit
1433 2291 1568 2320 rationem
1590 2291 1728 2328 perfectae
1750 2290 1885 2325 veritatis,
1908 2294 1939 2319 ut
1961 2294 2002 2320 est
2023 2291 2093 2319 ratio

1247 2338 1438 2375 cognoscendi.
1473 2338 1502 2366 Et
1535 2338 1597 2366 ideo
1629 2340 1719 2375 patet,
1751 2338 1826 2375 quod
1858 2338 1892 2366 de
1924 2338 2093 2375 perfectione

1247 2392 1374 2413 smnmae
1396 2384 1521 2413 veritatis
1542 2387 1584 2412 est
1605 2384 1723 2421 cognitio
1746 2388 1905 2419 creaturae,
1921 2384 1993 2413 sicut
2007 2388 2034 2413 et
2049 2393 2094 2421 po-

1248 2431 1329 2459 tentia
1355 2431 1538 2467 producendi.

2107 2118 2185 2137 Nomitdu

412 2610 418 2623 ¹
437 2609 493 2632 Cod.
511 2610 528 2631 'l'
547 2611 609 2633 (ictu.

411 2650 419 2663 ’3
437 2649 477 2671 Ed.
499 2650 504 2671 1
526 2650 655 2678 acceptum.

411 2688 420 2703 ³
439 2689 490 2711 Dist.
509 2688 545 2710 35.
564 2695 585 2716 q.
609 2689 625 2710 l.
643 2689 665 2710 in
684 2694 747 2716 corp.
765 2691 787 2709 et
803 2688 832 2709 ad
850 2689 871 2710 2.

410 2726 419 2741 ⁴
436 2728 541 2754 Ariston,
561 2727 597 2748 lX.
617 2727 712 2754 ›let-aph.
731 2729 781 2749 text.
802 2727 836 2748 le.
855 2727 925 2753 (Vlll.
943 2733 962 2749 c.
985 2727 1023 2755 8.)
1043 2727 1192 2749 dinaei-entiam

349 2768 406 2788 inu-r
423 2767 535 2788 actionem
553 2766 714 2788 transeuntem
732 2768 753 2787 ct
769 2764 947 2793 imminuentem,
968 2772 1027 2794 quae
1049 2766 1084 2787 hic
1102 2767 1193 2793 respici-

350 2810 399 2829 tur.
418 2806 449 2827 sic
462 2806 584 2833 proponit:
600 2813 610 2824 «ι
623 2805 829 2833 Quorumcuniquc
842 2806 917 2833 itaque
930 2805 992 2827 aliud
1004 2805 1117 2834 quiddam
1129 2811 1192 2833 prac-

350 2849 382 2866 tcr
399 2851 467 2866 usum
485 2847 518 2866 cst
536 2844 559 2865 id
577 2843 639 2872 quod
657 2843 692 2870 sit,
711 2842 795 2865 lterum
814 2844 882 2866 actus·
899 2843 923 2865 in
944 2849 970 2866 eo
995 2843 1059 2873 quod
1081 2843 1120 2873 fit,
1145 2844 1193 2870 est,

350 2888 371 2906 nt
393 2883 519 2905 aedificatio
538 2884 559 2904 in
577 2888 604 2904 co
623 2882 685 2910 quod
703 2882 846 2907 aedificatur,
865 2886 887 2904 et
904 2884 1015 2904 contextio
1037 2883 1058 2904 in
1085 2889 1111 2904 co
1129 2882 1193 2911 quod

351 2923 486 2950 1·0ntexitui·;
505 2923 608 2944 similiter
625 2924 644 2943 ct
672 2921 699 2943 de
725 2921 784 2946 aliis,
808 2924 830 2943 ct
855 2922 948 2943 omnino
974 2924 1050 2943 motus
1075 2922 1096 2943 in
1122 2924 1192 2943 moto.

1250 2611 1353 2638 Quorum
1371 2616 1426 2632 vcro
1445 2616 1488 2631 non
1506 2613 1540 2631 cst
1557 2609 1618 2631 aliud
1636 2610 1754 2638 quoddam
1773 2615 1832 2637 opus
1853 2612 1943 2637 practer
1968 2610 2093 2637 actionem,

1250 2648 1275 2671 ιή
1291 2648 1394 2678 ipsismet
1411 2647 1471 2671 actio
1489 2649 1534 2676 est,
1555 2651 1579 2670 ut
1595 2649 1654 2670 xisio
1672 2649 1694 2669 in
1712 2648 1815 2675 vidente,
1835 2650 1856 2669 ct
1873 2648 1999 2675 speculatio
2011 2648 2032 2669 in
2045 2654 2094 2676 spe-

1250 2688 1351 2715 culante,
1369 2690 1390 2709 et
1407 2688 1451 2708 vita
1471 2688 1492 2708 in
1510 2688 1618 2708 anima».
1638 2687 1667 2708 Ex
1685 2688 1719 2709 his
1741 2687 1859 2714 responsio
1877 2687 1898 2708 S.
1912 2686 2014 2709 Doctoris
2031 2687 2094 2709 facile

1249 2727 1386 2754 intelligitur,
1405 2726 1460 2748 Nam
1485 2726 1563 2755 facere
1587 2729 1610 2748 ut
1635 2727 1693 2748 actio
1717 2727 1828 2748 transiens
1854 2726 2020 2753 praesupponit
2044 2732 2093 2754 per-

1250 2766 1369 2788 fectionem
1386 2765 1512 2792 potentiae,
1530 2768 1552 2787 ct
1577 2764 1629 2786 ideo
1652 2764 1770 2793 potentia,
1799 2765 1847 2786 sive
1871 2764 1937 2786 saciat
1961 2765 2010 2786 sive
2036 2770 2093 2792 nou,

1249 2805 1412 2833 perfectissima
1430 2807 1451 2826 et
1468 2807 1531 2826 nctus
1548 2810 1621 2831 purus
1638 2810 1688 2826 csse
1706 2806 1791 2831 potest;
1810 2805 1831 2824 at
1848 2802 1918 2831 scire,
1940 2805 1964 2825 ut
1980 2804 2038 2825 actio
2054 2804 2093 2825 im-

1250 2850 1355 2871 manens,
1375 2844 1566 2870 perfectissimum
1585 2846 1607 2864 ct
1623 2845 1687 2864 artus
1705 2849 1778 2870 purus
1790 2849 1839 2865 csse
1853 2842 1940 2870 nequit,
1955 2842 1996 2863 nisi
2009 2842 2030 2863 in
2044 2842 2094 2869 ipso

1249 2882 1459 2910 comprehendatur
1476 2882 1570 2903 actualis
1588 2883 1688 2909 cognitio
1705 2883 1808 2903 omnium
1827 2888 1912 2904 rerum.

1312 2920 1322 2935 ⁵
1339 2920 1410 2943 Codd.
1428 2920 1461 2942 ΑΙ
1474 2920 1491 2941 Υ
1508 2919 1553 2943 scd.
