2215 3404
184 311 284 329 Cani-lusio
296 311 311 328 l.

186 913 284 932 Conclusio
295 913 312 931 2.

326 226 382 253 {ilia

325 305 419 330 autem
441 303 482 330 est
512 301 564 329 hoc
595 308 696 329 nomen
727 299 894 328 aeternitas.
922 299 1072 328 Aeternum
1094 298 1167 327 enim

326 351 367 378 est
387 348 462 385 quod
493 347 630 384 principio
658 350 734 375 caret
746 347 762 374 ¹.
795 347 825 375 Et
844 346 907 375 licet
928 346 963 375 de
984 354 1035 375 suo
1056 345 1167 374 nomine

326 403 379 423 non
401 395 475 423 dicat
495 394 547 423 nisi
568 393 754 431 privationem
774 393 844 422 initii
866 393 1030 427 durationis,
1052 400 1102 429 per
1123 399 1169 428 ap-

324 441 542 479 propriationem
574 443 665 469 tamen
693 439 759 468 dicit
780 439 963 476 privationem
985 439 1075 467 omnis
1095 438 1168 475 prin-

325 487 398 525 cipii.

357 537 360 539 ’
407 535 430 562 l.
452 534 483 561 Et
504 533 542 561 sic
563 535 638 569 patet
659 532 750 569 prima.
770 532 895 561 obiectio.

403 580 523 617 Spiritus
558 587 627 608 vero
662 582 775 608 sanctus
809 579 934 616 procedit
967 586 1017 616 per
1052 578 1166 606 modum

324 626 475 655 voluntatis
505 628 532 654 et
561 625 683 659 amoris;
712 628 739 654 et
760 625 800 653 ita
828 625 925 653 debuit
945 625 968 653 ei
991 623 1168 661 appropriari

324 680 434 706 nomen,
456 672 530 710 quod
552 675 643 701 actum
666 672 799 709 exprimit
820 671 986 705 voluntatis3
1007 671 1059 699 hoc
1074 674 1166 699 autem

326 723 368 749 est
398 720 451 748 hoc
477 726 578 748 nomen
607 728 688 747 usas.
716 719 806 747 «Nam
829 718 874 747 ati
894 721 936 747 est
957 726 1101 747 assumere
1122 717 1169 746 ali-

326 766 394 804 quid
408 766 435 794 in
451 766 610 795 facultatem
625 765 792 794 1018818113Β
804 776 817 791 »
837 766 895 794 sive
910 765 945 794 ad
960 765 1095 794 utendum
1111 765 1169 793 sive

325 813 361 841 ad
390 812 549 841 fruendum.
578 812 713 848 Quoniam
749 820 815 849 ergo
844 811 978 840 assumtio
1015 812 1051 839 ad
1078 811 1170 839 fruen-

327 859 395 888 dum
416 863 458 888 est
477 867 528 895 per
549 866 689 893 amorem,
721 858 848 887 similiter
869 858 905 887 ad
930 858 1083 892 utendum,
1105 857 1170 895 quia

326 914 405 934 amor
426 908 467 934 est
487 905 598 942 pondus
619 908 645 933 et
666 905 772 933 ordo³z
796 905 857 934 ideo
878 913 952 933 ’11888
973 908 1047 933 recte
1072 912 1170 941 appro-

328 952 437 989 priatur
457 952 571 989 Spiritui
593 955 695 980 sancto.

408 1001 433 1027 5.
455 999 486 1027 Et
506 999 545 1028 sic
565 1001 640 1035 patet
661 998 760 1026 ultimo
781 998 948 1035 quaesitum,
970 998 1073 1027 scilicet
1094 997 1169 1034 quod

328 1055 400 1074 118113
421 1046 557 1082 accipitur
579 1046 636 1079 hic,
657 1053 710 1073 non
734 1048 817 1082 prout
837 1045 973 1073 dividitur
988 1047 1084 1073 contra
1104 1044 1169 1072 frui-

328 1093 439 1127 tionem,
454 1093 502 1121 sed
517 1095 602 1129 prout
615 1092 681 1121 dicit
696 1093 799 1120 amoris
814 1092 993 1129 complexum
1009 1094 1036 1119 et
1048 1091 1057 1104 ⁴
1073 1093 1167 1119 actum

326 1139 456 1168 liberum.

406 1186 489 1214 Filius
519 1193 586 1214 vero
616 1187 726 1214 emanat
757 1192 806 1221 per
837 1184 953 1212 modum
985 1186 1101 1211 naturae
1109 1194 1116 1217 3
1143 1186 1170 1211 81

325 1233 391 1269 quia
410 1235 520 1261 emanat
534 1240 584 1269 per
598 1232 714 1260 modum
735 1231 885 1264 naturae⁵,
907 1230 969 1259 ideo
991 1233 1101 1259 emanat
1118 1238 1168 1266 per

325 1279 439 1307 modum
459 1277 605 1315 perfectae
633 1281 660 1306 et
691 1286 844 1314 ear-pressae
864 1276 1078 1305 sunititaclinis
1100 1276 1168 1304 Nam

185 1331 204 1349 ln
215 1336 268 1349 eumn
258 1331 317 1349 uano
324 1328 425 1354 natura
447 1325 576 1362 producit
598 1324 649 1353 sibi
672 1324 761 1353 simile
777 1328 803 1352 et
818 1324 942 1361 aequale
960 1324 977 1351 Ε
981 1327 989 1352 1
1004 1323 1070 1360 quia
1085 1323 1169 1352 habet

194 1359 217 1372 ne
233 1354 275 1372 Filii
288 1359 308 1372 es
300 1356 316 1371 51

197 1378 265 1419 triilex
288 1382 316 1395 ra-
325 1372 352 1400 in
375 1380 403 1401 se
425 1372 558 1400 rationem
581 1380 735 1408 eacpiesscte
755 1371 974 1403 811111111111ἰ1111ἱ8,
996 1370 1058 1399 ideo
1079 1373 1106 1398 et
1127 1378 1169 1398 co

322 1419 478 1456 pontionis,
500 1419 565 1455 quia
587 1425 721 1455 expressa
743 1418 896 1446 similitudo
917 1420 959 1446 est
980 1417 1050 1445 ratio
1072 1425 1169 1453 cogno-

325 1465 450 1494 scendiss.
475 1465 505 1493 Et
525 1465 591 1501 quia
613 1472 661 1501 per
683 1464 797 1493 modum
826 1462 971 1501 perfectae
1001 1463 1170 1492 similitudi-

324 1511 371 1539 nis
393 1514 419 1539 et
444 1511 569 1539 rationis
595 1511 679 1539 habet
710 1511 736 1539 in
766 1518 795 1539 se
818 1511 952 1539 rationem
974 1514 1001 1539 et
1022 1510 1168 1547 exemplar

325 1558 459 1589 8111811181,
492 1558 555 1586 18(18
587 1560 640 1592 est,
672 1558 747 1594 quod
769 1557 853 1586 habet
874 1558 1008 1586 rationem
1031 1557 1169 1594 perfectae

324 1604 543 1641 pulcritudinis.
576 1605 646 1640 Quia
674 1605 748 1633 enim
770 1607 811 1633 est
829 1603 961 1641 perfecta
982 1607 1009 1633 et
1030 1613 1169 1641 expressa

325 1651 496 1683 siiizi'litzulo,
529 1651 590 1679 ideo
615 1651 732 1687 pulcher
764 1654 805 1680 est
833 1651 860 1679 in
892 1651 1098 1688 comparatione
1129 1651 1177 1679 aa⁴

323 1706 388 1726 eam
403 1705 485 1734 quem
500 1698 641 1734 exprimit.
657 1698 726 1734 Quia
741 1706 807 1726 vero
822 1698 966 1726 rationem
981 1697 1170 1735 cognoscendi

324 1744 422 1775 habet.
444 1747 470 1772 et
491 1752 545 1772 non
567 1745 651 1773 unius
673 1747 796 1778 tantum,
829 1744 877 1772 sed
900 1744 984 1772 totius
1006 1744 1171 1772 universita-

324 1791 374 1824 tis;
392 1791 454 1819 ideo
474 1802 486 1816 a
494 1791 624 1827 pulcrum
637 1791 720 1827 pulch
759 1799 846 1819 uimus
858 1791 916 1827 ipse
928 1791 1067 1819 mundum
1078 1792 1170 1819 mente

325 1838 438 1874 gerens7
452 1849 478 1871 »,
506 1837 725 1874 pulcritudinem
753 1838 837 1866 habet
858 1838 884 1865 in
907 1837 1113 1874 comparatione
1134 1837 1167 1865 ad

325 1892 437 1911 omnem
455 1883 686 1920 pulcritudinem
708 1884 908 1920 exemplatam.
933 1884 972 1911 Ex
994 1883 1038 1912 his
1060 1883 1170 1911 duobus

325 1930 493 1967 relinquitur
514 1931 715 1967 perfectissima
735 1930 904 1967 pulcritudo.
927 1930 1000 1959 Sicut
1016 1930 1089 1958 enim
1105 1930 1171 1958 dicit

1013 221 1265 250 SENTENTIARUM
1288 220 1347 248 11111.
1369 220 1387 248 1.

1223 298 1416 335 Augustinus⁸

1223 344 1343 381 qualitas
1364 352 1553 373 numerosa».
1568 344 1703 380 Quoniam
1719 344 1804 381 igitur
1818 344 1847 373 in
1861 346 2067 382 comparatione

1224 391 1258 420 ad
1289 391 1409 419 Patrem
1438 391 1522 419 habet
1552 391 1771 427 pulcritudinem
1793 392 1981 429 aequalitatis
2002 393 2067 429 quia

1224 437 1346 474 perfecte
1367 437 1510 474 exprimit,
1532 437 1603 466 sicut
1624 437 1723 474 pulcra
1751 438 1857 475 imag03
1879 439 1907 467 in
1929 447 2070 476 compara-

1227 484 1298 512 tione
1320 492 1386 512 vero
1407 484 1442 512 ad
1464 492 1511 512 res
1532 484 1616 512 habet
1637 492 1733 513 omnes
1754 485 1890 518 rationes,
1912 486 2068 515 secundum

1225 530 1300 566 quod
1316 529 1382 558 dicit
1395 530 1566 566 Augustinus
1578 529 1597 564 ⁹,
1613 531 1688 567 quod
1708 541 1720 556 «
1732 534 1773 559 est
1787 539 1834 559 ars
1847 531 1929 568 plena
1943 532 2068 560 omnium

1226 576 1365 604 rationum
1388 576 1541 605 viventium
1553 587 1579 604 »2
1596 576 1658 605 ideo
1672 580 1756 613 patet,
1771 578 1846 614 quod
1862 578 1889 606 in
1908 578 1974 607 Filio
1995 581 2069 608 recte

1226 623 1367 660 reperitur
1382 623 1451 651 ratio
1466 623 1560 651 omnis
1574 623 1793 660 pulcritudinis.
1808 641 1848 645 —
1863 625 1898 653 Eo
1914 625 1998 662 igitur
2013 633 2069 662 quo

1224 669 1310 698 Filius
1330 677 1380 706 per
1402 670 1517 698 modum
1540 672 1656 699 naturae
1677 674 1802 705 emanat,
1828 671 1912 700 habet
1933 672 2069 701 rationem

1225 715 1364 753 perfectae
1385 719 1412 744 et
1432 724 1582 753 expressae
1605 716 1809 751 similitudinis3
1831 725 1863 746 eo
1884 718 1956 755 quod
1985 718 2070 747 habet

1226 763 1362 791 rationem
1385 762 1523 799 perfectae
1545 763 1750 798 similitudinis,
1773 764 1856 793 habet
1877 765 2013 793 rationem
2027 773 2070 794 co-

1227 809 1369 846 gnitionis;
1390 812 1417 838 et
1439 810 1544 838 ratione
1566 809 1714 846 utriusque
1740 810 1823 839 habet
1854 811 1990 839 rationein
2011 811 2071 848 pul-

1227 856 1381 884 critudinis.
1414 856 1549 892 Quoniam
1579 856 1663 893 igitur
1694 864 1794 886 nomen
1815 857 1920 894 speciei
1939 858 2071 894 importat

1226 901 1449 930 similitudinem
1481 905 1508 931 et
1539 902 1671 939 importat
1698 903 1889 940 cognoscendi
1908 904 2070 938 rationem,

1227 948 1359 985 importat
1382 949 1465 978 etiam
1494 949 1725 986 pulcritudinem
1746 967 1784 970 —
1805 952 1836 978 ut
1862 951 1992 987 «species
2012 950 2071 987 qui-

1227 993 1291 1022 dem
1314 995 1413 1023 Priami
1435 995 1518 1032 digna
1532 998 1574 1023 est
1599 995 1716 1032 imperio
1728 995 1769 1021 10»
1789 996 1904 1025 —ideo
1928 996 2071 1033 elegantis-

1226 1041 1295 1069 sime
1316 1042 1514 1079 appropriatur
1535 1042 1609 1070 Filio.

1306 1090 1331 1116 ⁹2.
1354 1089 1380 1116 [t.
1403 1089 1477 1117 Patet
1495 1096 1570 1125 ergo.
1582 1097 1670 1126 quare
1681 1089 1750 1118 illud
1764 1097 1862 1118 nomen
1875 1090 1963 1127 magis
1974 1098 2071 1127 appro-

1227 1135 1300 1171 priat
1310 1134 1428 1163 Hilarius
1440 1134 1516 1163 Filio
1528 1143 1612 1172 quam
1624 1135 1709 1170 aliud,
1722 1144 1808 1173 quare
1817 1136 1900 1165 etiam
1907 1136 1996 1174 magis
2007 1136 2072 1166 defi-

1226 1181 1267 1209 nit
1279 1181 1437 1218 iinciyinem
1449 1190 1498 1217 per
1510 1181 1579 1210 illud
1592 1190 1692 1211 nomen
1703 1191 1788 1220 quam
1799 1191 1850 1220 per
1861 1183 1974 1220 aliquod
1985 1183 2070 1212 aliud.

1306 1228 1344 1256 Ad
1373 1228 1443 1256 illud
1471 1236 1537 1265 ergo
1571 1229 1646 1265 quod
1681 1229 1826 1267 obiicitur,
1861 1230 1935 1267 quod
1971 1230 2072 1266 pulcri-

1226 1275 1294 1304 tudo
1316 1275 1444 1311 imaginis
1472 1275 1593 1303 refertur
1621 1276 1655 1304 ad
1687 1279 1879 1313 prototypum3
1902 1277 2070 1310 dicendum,

1227 1322 1303 1359 quod
1325 1330 1422 1350 verum
1445 1326 1495 1357 est,
1524 1322 1571 1351 sed
1596 1326 1686 1351 tamen
1719 1323 1799 1352 aliter
1820 1324 1941 1352 refertur
1963 1323 2070 1358 honor,

1225 1369 1306 1397 aliter
1323 1368 1508 1405 pulcritudo:
1530 1368 1595 1406 quia
1616 1369 1704 1397 honor
1719 1369 1846 1406 imaginis
1867 1370 1925 1399 sive
1946 1370 2072 1407 picturae

1227 1415 1264 1443 ita
1286 1415 1406 1443 refertur
1438 1415 1473 1443 ad
1502 1418 1695 1452 prototypum,
1727 1416 1803 1453 quod
1825 1416 1852 1444 in
1874 1417 1934 1454 ipsa
1954 1425 2008 1445 non
2030 1420 2072 1446 est

1227 1462 1381 1491 secundum
1406 1469 1434 1490 se
1455 1462 1559 1496 honor,
1582 1462 1653 1491 sicut
1668 1465 1755 1499 patet,
1771 1463 1793 1491 si
1808 1464 1963 1492 honoretur
1983 1464 2072 1493 iconia

1226 1508 1298 1537 beati
1321 1508 1442 1543 Nicolai3
1470 1509 1516 1537 sed
1544 1509 1704 1545 pulcritudo
1725 1509 1762 1538 ita
1784 1510 1905 1538 refertur
1926 1510 1961 1539 ad
1982 1514 2073 1547 proto-

1227 1559 1337 1592 typum,
1359 1555 1433 1592 quod
1456 1555 1638 1584 nihilominus
1659 1559 1701 1584 est
1715 1556 1743 1584 in
1758 1556 1877 1593 imagine
1898 1556 2071 1593 pulcritudo.

1227 1611 1280 1631 non
1303 1602 1393 1631 solum
1417 1602 1443 1630 in
1466 1610 1498 1631 eo
1520 1602 1600 1631 cuius
1622 1606 1663 1631 est
1684 1603 1782 1640 imago.
1806 1603 1837 1631 Et
1862 1606 1952 1640 potest
1973 1603 2010 1632 ibi
2031 1611 2073 1632 re-

1227 1650 1313 1687 periri
1345 1650 1452 1686 duplex
1483 1650 1553 1678 ratio
1584 1650 1798 1686 pulcritudinis,
1830 1651 1959 1687 quamvis
1991 1651 2017 1679 in
2040 1658 2072 1679 eo

1228 1697 1308 1725 cuius
1329 1700 1385 1731 est,
1407 1705 1461 1725 non
1483 1696 1534 1725 nisi
1556 1705 1612 1725 una
1626 1696 1792 1725 inveniatur.
1808 1697 1887 1733 Quod
1909 1700 1992 1734 patet,
2007 1697 2073 1734 quia

1228 1744 1319 1780 imago
1341 1744 1443 1772 dicitur
1475 1743 1587 1780 pulcra,
1620 1743 1732 1780 quando
1764 1743 1833 1772 bene
1854 1746 1995 1780 protracta
2016 1746 2072 1778 est,

1227 1790 1329 1819 dicitur
1365 1790 1447 1818 etiam
1483 1790 1597 1827 pulcra,
1632 1790 1745 1826 quando
1780 1790 1850 1819 bene
1880 1791 2073 1827 repraesentat

1227 1837 1317 1871 illum,
1338 1837 1373 1865 ad
1395 1845 1478 1874 quem
1500 1839 1549 1865 est.
1572 1837 1603 1865 Et
1624 1836 1698 1873 quod
1721 1837 1772 1865 ista
1793 1837 1827 1866 sit
1848 1837 1902 1865 alia
1923 1837 1993 1865 ratio
2014 1837 2074 1874 pul-

1228 1883 1391 1915 critudinis,
1413 1886 1501 1920 patet,
1516 1883 1582 1920 quia
1597 1883 1730 1920 contingit
1750 1891 1835 1911 unam
1852 1891 1912 1912 esse
1927 1883 1986 1912 sine
2005 1883 2071 1912 alia:

1228 1931 1466 1968 quemadmodum
1481 1930 1609 1959 dicitur¹¹
1625 1931 1715 1967 imago
1726 1931 1828 1959 diaboli
1840 1930 1946 1968 pulcra,
1961 1930 2073 1968 quando

390 2122 397 2136 ¹
416 2122 543 2144 Bit-hardus
555 2122 584 2154 de
597 2123 618 2144 S.
636 2122 736 2150 Victore,
748 2122 772 2144 11.
786 2122 814 2144 (18
832 2122 896 2144 Trin.
914 2128 934 2144 c.
952 2121 977 2144 li:
999 2122 1170 2149 Sempiternnm

327 2167 427 2189 namque
444 2167 494 2183 esse
510 2161 608 2189 videtur,
626 2161 688 2189 quod
706 2164 767 2183 caret
779 2162 841 2183 initio
854 2163 875 2183 et
892 2161 936 2183 fine
947 2169 951 2189 ;
964 2164 1094 2189 aeternum,
1107 2161 1169 2189 quod

327 2203 388 2223 caret
404 2203 502 2228 utroque
519 2203 541 2222 et
558 2201 619 2221 omni
638 2199 793 2222 mutabilitate.

388 2239 397 2253 2
414 2240 517 2266 August,
536 2239 563 2260 X.
582 2239 610 2260 de
628 2239 690 2260 Trin.
708 2245 727 2261 c.
750 2239 782 2261 11,
801 2246 822 2261 n.
847 2239 878 2261 17.
892 2239 950 2261 Vide
963 2245 1033 2266 supra
1052 2238 1074 2260 d.
1088 2239 1102 2260 1.
1116 2245 1135 2260 c.
1149 2239 1169 2266 3,

327 2281 349 2300 81
365 2278 536 2305 explicationem
555 2278 576 2299 S.
594 2277 698 2299 Doctoris
715 2277 746 2299 ibi
764 2284 783 2299 a.
803 2278 822 2299 l.
841 2284 864 2306 q.
883 2278 902 2299 1.

389 2316 399 2330 ³
415 2317 519 2344 August,
538 2316 593 2338 xiil.
611 2315 711 2338 Conscss.
730 2322 748 2338 c.
767 2317 787 2338 9.
806 2322 827 2337 n.
850 2316 887 2337 io:
905 2315 998 2337 Pondus
1015 2321 1094 2337 meum
1107 2321 1172 2338 amor

327 2361 404 2383 meus,
422 2361 449 2377 eo
466 2355 526 2376 seror
544 2360 692 2383 quocumque
711 2354 777 2376 seror.
795 2354 840 2377 Csr.
858 2355 926 2376 ctiam
943 2354 980 2376 XI.
998 2354 1026 2376 dc
1044 2353 1092 2376 civ.
1115 2354 1170 2382 Dei,

327 2400 346 2416 c.
365 2395 408 2422 28,
427 2396 448 2416 et
465 2394 514 2416 XV.
533 2399 552 2416 C.
576 2394 620 2421 22,
644 2393 683 2415 ubi
705 2396 727 2416 et
748 2393 858 2421 docetur,
883 2394 904 2415 in
926 2399 1005 2415 amore
1028 2394 1114 2422 requiri
1135 2399 1172 2415 or-

327 2433 413 2455 dinem.

391 2471 400 2486 ⁴¹
417 2471 488 2494 Codd.
506 2472 524 2494 Κ
536 2471 587 2493 VX
605 2471 728 2493 subiiciunt
744 2471 784 2494 ila.

390 2510 400 2525 ⁵
416 2511 493 2533 Verba
510 2512 533 2533 et
547 2510 604 2540 quia
620 2512 715 2533 emanat
733 2517 776 2540 per
801 2511 898 2534 modum
922 2512 1040 2539 naturae,
1068 2517 1127 2539 quae
1149 2511 1171 2532 in

328 2550 433 2578 plurimis
451 2549 517 2572 codd.
535 2553 556 2572 81
573 2549 609 2572 ed.
632 2550 637 2571 1
658 2552 756 2577 exstant,
775 2551 797 2571 in
816 2540 865 2572 Vat.
884 2553 905 2573 et
923 2549 1038 2578 aliquibus
1055 2549 1122 2572 codd.
1136 2549 1171 2571 dc-

329 2590 463 2612 sidcrantur.
481 2601 512 2605 -
529 2589 561 2611 De
578 2589 665 2611 ratione
682 2595 735 2611 mox
758 2589 835 2611 addita
857 2589 911 2611 vide
936 2595 1006 2617 supra
1032 2595 1085 2617 pag.
1115 2588 1170 2615 134,

329 2632 380 2651 nota
402 2629 435 2650 10,

391 2667 400 2681 ⁶
418 2666 462 2689 Cir.
479 2672 549 2694 supra
567 2666 589 2689 d.
608 2667 628 2688 6.
647 2673 669 2695 q.
688 2667 709 2689 3.
727 2666 756 2688 ad
769 2666 781 2688 li
791 2685 796 2695 ‚
809 2670 830 2689 et
842 2667 899 2689 infra
913 2667 934 2689 d.
949 2667 984 2689 35.
998 2674 1019 2696 q.
1037 2668 1053 2689 1.
1066 2668 1088 2689 in
1100 2673 1172 2694 corp,

329 2708 351 2728 et
368 2706 464 2734 Aristot,
483 2705 514 2728 111.
532 2705 560 2727 de
578 2706 670 2733 Anima,
688 2707 739 2727 text.
758 2705 794 2727 38.
813 2705 841 2733 (c.
859 2706 902 2733 8.),
915 2711 941 2727 ac
953 2705 1004 2727 libr.
1023 2705 1051 2728 de
1064 2706 1172 2727 Memoria

330 2748 352 2767 et
368 2746 491 2767 Reminisc.
508 2750 527 2767 c.
546 2745 567 2766 2.
585 2744 613 2773 (c.
636 2745 671 2773 l.).
688 2757 720 2761 —
736 2744 804 2766 Paulo
822 2745 915 2766 inferius
933 2746 984 2772 post
995 2744 1111 2767 rationem
1123 2745 1172 2767 Vat.

330 2785 411 2812 repetit
436 2783 600 2813 coynoscendi,
627 2789 701 2812 neque
724 2783 791 2805 codd.
817 2790 892 2812 neque
913 2783 965 2805 edd.
988 2784 1005 2811 1,
1024 2784 1044 2811 2,
1062 2783 1075 2805 3
1096 2784 1174 2805 suffra-

331 2823 445 2851 gantihus.

393 2861 402 2876 ⁷
420 2862 504 2889 Docta,
523 2862 553 2883 111.
572 2861 600 2884 de
618 2860 706 2883 Consol.
728 2863 793 2883 metr.
816 2862 836 2883 9.
849 2873 881 2877 -
898 2861 947 2883 Vat.
970 2861 1059 2890 absque
1080 2862 1174 2883 auctori·

332 2904 375 2923 tate
393 2900 460 2922 codd.
478 2904 500 2923 et
516 2900 552 2922 ed.
575 2901 578 2922 Ι
601 2900 665 2922 addit
680 2901 707 2922 vut
723 2900 757 2922 ait
774 2899 895 2928 Boethius,
913 2903 935 2923 81
952 2906 1005 2922 mox
1031 2906 1073 2928 pro
1098 2906 1174 2923 81138111-

330 2938 421 2969 platani
433 2939 547 2961 substituit
559 2940 707 2967 emtraneam,
722 2940 801 2967 paucis
810 2941 897 2961 tantum
909 2939 999 2961 sultuna
1009 2939 1075 2961 codd.
1088 2938 1143 2961 Cod.
1157 2938 1174 2961 O

332 2977 460 3007 e.1·emplati
476 2983 518 3005 pro
535 2977 701 3006 exemplatam.

1290 2122 1300 2136 ⁸
1314 2122 1376 2144 Libr.
1396 2123 1430 2144 Vl.
1449 2122 1477 2145 (18
1495 2122 1590 2149 Musica,
1609 2129 1628 2144 c.
1645 2123 1677 2144 13.
1691 2128 1711 2144 n.
1730 2122 1770 2144 38:
1783 2122 1817 2144 An
1830 2122 1892 2144 aliud
1903 2128 1973 2151 quam
1990 2128 2072 2151 aequa-

1228 2162 1313 2183 litatem
1330 2167 1478 2183 numerosam
1495 2168 1545 2183 esse
1558 2161 1675 2183 arbitraris
1687 2161 1900 2189 (pulcritudincmfl
1913 2160 1957 2184 cfr.
1970 2163 1992 2183 et
2003 2161 2074 2183 xxn.

1229 2199 1257 2221 dc
1274 2199 1322 2222 Civ.
1340 2200 1391 2228 Dei,
1410 2206 1429 2222 c.
1452 2201 1484 2222 19,
1502 2206 1523 2221 11.
1543 2200 1563 2221 ⁶2.
1583 2202 1604 2222 et
1621 2200 1641 2222 3.

1292 2237 1300 2249 ⁹
1317 2238 1378 2260 Libr.
1395 2238 1431 2260 Vl.
1450 2238 1479 2260 de
1497 2239 1559 2260 Trin.
1579 2244 1597 2260 8.
1618 2239 1652 2260 10.
1672 2245 1692 2260 8.
1712 2239 1748 2261 ’11.

1292 2276 1309 2290 1⁰
1328 2277 1447 2305 Porpliyr„
1465 2277 1494 2299 (18
1512 2277 1642 2299 Praedicab.
1661 2283 1681 2299 8.
1698 2277 1727 2299 de
1749 2277 1840 2306 Specie,
1861 2278 1921 2301 iuxta
1938 2278 2073 2301 mendosam

1228 2315 1398 2337 translationem
1416 2316 1545 2343 antiquam,
1559 2322 1602 2344 qua
1616 2316 1651 2337 usi
1663 2318 1716 2338 sunt
1728 2316 1857 2338 Scholastici
1872 2316 1948 2341 (etiam
1960 2316 2073 2338 Averroes

1228 2354 1261 2375 sic
1273 2354 1343 2382 legit).
1358 2353 1432 2376 Verba
1450 2354 1537 2383 species
1554 2353 1647 2377 Priami
1657 2354 1681 2376 B.
1694 2354 1810 2382 Albertus,
1829 2355 1867 2383 qui
1885 2361 1969 2378 nomen
1981 2354 2074 2378 Priami

1228 2392 1374 2414 librariorum
1391 2399 1421 2414 eri
1429 2399 1468 2414 ore
1486 2395 1562 2414 ortum
1579 2399 1630 2415 csse
1648 2399 1692 2415 uon
1710 2393 1877 2422 suspicabatur,
1903 2395 1936 2416 sic
1960 2394 2073 2422 explicare

1228 2434 1298 2454 tentat
1310 2432 1332 2453 111
1345 2438 1387 2453 suo
1399 2431 1569 2454 Commentario
1581 2438 1652 2459 super
1664 2432 1829 2460 Porphyrium:
1846 2441 1855 2452 α
1866 2432 1998 2455 Secundum
2011 2432 2074 2461 quod

1229 2470 1337 2497 dicimus,
1356 2470 1419 2499 quod
1437 2472 1525 2498 species
1537 2471 1629 2498 Priami,
1643 2471 1735 2493 Troiani
1753 2472 1815 2499 regis
1833 2472 1881 2500 (qui
1899 2471 1972 2493 forma
1985 2471 2074 2499 elegan-

1228 2510 1314 2531 tissima
1332 2509 1390 2538 suit),
1410 2509 1480 2537 digna
1497 2512 1530 2531 cst
1547 2510 1657 2537 imperio;
1675 2511 1727 2538 quia
1746 2516 1772 2532 cx
1796 2510 1907 2538 elegantia
1924 2510 2010 2532 formae
2035 2509 2074 2532 de-

1228 2550 1367 2570 monstratur
1385 2548 1503 2575 dispositio
1520 2548 1548 2570 ad
1568 2549 1683 2571 virtutes»
1699 2552 1741 2571 etc.
1759 2549 1786 2571 At
1803 2549 1910 2571 Boi-thius
1923 2549 1967 2573 (ed.
1980 2549 2072 2577 Migne),

1228 2587 1347 2614 Porphyrii
1373 2589 1457 2609 textum
1479 2587 1591 2609 Graecum
1609 2590 1669 2610 recte
1694 2588 1770 2610 Latine
1792 2588 1897 2616 reddens,
1914 2594 1956 2616 pro
1982 2587 2075 2611 Priami

1229 2625 1283 2652 legit
1299 2624 1405 2654 primum
1423 2624 1468 2653 (alii
1486 2627 1620 2653 interpretes
1636 2626 1733 2655 prona),
1751 2632 1810 2654 quae
1827 2632 1872 2649 vox
1889 2629 1910 2649 et
1926 2627 1949 2649 18
1965 2626 2073 2654 Euripide

1229 2664 1332 2691 habetur,
1351 2671 1377 2686 cx
1395 2671 1441 2693 quo
1459 2664 1530 2687 verba
1548 2665 1584 2687 illa
1601 2666 1666 2687 citata
1683 2669 1758 2688 sumta
1775 2668 1833 2688 sunt.
1851 2665 1965 2694 Euripidis
1985 2665 2056 2688 verba
2067 2683 2073 2693 ‚

1229 2703 1251 2725 in
1269 2703 1373 2725 Latinum
1391 2704 1504 2731 translata,
1525 2707 1588 2726 sunt:

1324 2780 1398 2798 Utinam
1412 2780 1475 2799 videre
1489 2781 1583 2803 contingat
1596 2781 1642 2799 milii
1656 2781 1739 2804 ipsorum
1752 2782 1831 2804 nepotes
1843 2782 1943 2804 nepotum,

1371 2811 1454 2829 Primum
1467 2812 1543 2835 quidem
1557 2812 1616 2830 torma
1629 2812 1695 2835 dignos
1709 2817 1776 2835 regno:

1371 2842 1421 2861 Ilaec
1434 2843 1485 2861 88181
1498 2848 1569 2860 sumina
1582 2843 1640 2861 virtus
1654 2843 1718 2861 existit
1731 2843 1750 2861 in
1764 2843 1810 2864 vita,

1371 2874 1443 2897 Corpus
1456 2874 1536 2895 hahere,
1551 2874 1600 2897 quod
1613 2879 1643 2892 res
1656 2874 1720 2898 pulcra
1733 2876 1833 2893 mereatur.

1294 2937 1311 2952 ¹1
1329 2938 1380 2959 Sola
1398 2938 1447 2960 Vat.
1466 2938 1502 2959 hic
1524 2937 1588 2960 addit
1607 2937 1685 2961 iconia
1702 2937 1762 2960 beuti?
1778 2936 1872 2961 Nicolai
1888 2936 1991 2966 pulcra,
2017 2935 2073 2966 quia

1229 2977 1337 3000 decorem
1354 2977 1418 3000 illius
1435 2978 1609 3006 repraesentat,
1629 2978 1651 3000 ec
1667 2978 1722 3000 lanc
1738 2976 1834 3006 placida
1851 2978 1899 3005 est,
1919 2978 1947 2999 et.

1469 297 1654 326 «Pulcritudo
1682 306 1737 326 non
1758 302 1800 327 est
1820 298 1896 327 aliud
1918 307 2002 335 quani
2023 307 2066 328 ae·
2078 308 2136 350 Qumd
2137 309 2197 332 putori
2206 283 2215 349 ,1

2083 1003 2180 1022 Conclusio
2188 1004 2196 1023 ³

2096 1235 2166 1254 Solutio
2185 1242 2194 1255 a

2083 1259 2101 1277 2.
2112 1259 2131 1277 in
2140 1259 2195 1283 speci(

2085 1329 2195 1348 Notandum.
