2215 3404
729 131 812 158 DlST.
835 130 947 158 XXXVI.
969 129 1091 158 Dlvlsto
1113 130 1249 158 TEXTUS.

1807 131 1862 158 (319

371 377 808 426 COMMENTARIUS
843 377 903 424 IN
937 375 1374 423 DISTINGTIONEM
1408 375 1605 423 XXXVI.

746 538 908 578 Quomodo
935 549 983 571 res
1010 537 1069 570 sint
1095 537 1123 569 111
1150 537 1223 569 Deo.

464 690 538 719 Solet
558 690 604 719 lzie
625 691 745 729 quaeri,
768 699 835 719 cum
857 691 957 719 onznia
979 690 1119 718 dieantur
1141 698 1199 718 esse
1222 690 1251 717 in
1275 690 1326 717 Dei
1346 690 1514 727 coqnz'tz'oue.

851 928 973 957 DIVISIO
995 929 1131 957 TEXTUS.

196 1082 286 1119 Supra
307 1082 362 1119 egit
383 1082 513 1118 Magister
534 1082 568 1110 de
589 1081 744 1118 cognitione
765 1082 830 1115 Dei,
852 1090 908 1118 qna
922 1090 964 1110 co-

118 1129 224 1165 gnoseit
245 1129 337 1157 omnia
359 1132 459 1157 creata.
484 1129 513 1156 Et
541 1129 672 1166 quoniam
696 1129 838 1165 cognitum
860 1128 962 1157 dicitur

118 1183 178 1204 esse
200 1175 227 1203 in
249 1179 445 1212 cognoscente,
468 1175 530 1204 ideo
562 1175 729 1204 determinat
761 1175 806 1204 hic
838 1175 962 1204 secundo

119 1222 249 1256 modum,
271 1222 412 1259 quomodo
435 1229 479 1250 res
500 1225 566 1250 sunt
589 1222 614 1250 in
637 1222 701 1250 Deo.
720 1223 749 1250 Et
764 1222 896 1259 qnoniam
916 1230 960 1251 res

118 1272 226 1298 creatae
247 1277 300 1297 non
323 1272 432 1297 tantum
448 1269 580 1297 dicuntur
595 1277 655 1298 esse
672 1269 701 1297 in
718 1270 790 1302 Deo,
814 1269 861 1298 sed
878 1269 959 1298 etiam

118 1324 152 1343 ex·
173 1315 231 1343 Deo
253 1318 279 1344 et
296 1324 351 1352 per
374 1315 482 1347 Deum,
505 1315 567 1344 ideo
585 1315 684 1352 pruno
705 1316 762 1352 agit
784 1315 818 1344 de
844 1315 963 1344 existen<

118 1363 155 1390 tia
176 1370 272 1391 rerum
295 1362 321 1390 in
344 1362 415 1396 De03
436 1362 561 1390 secundo
584 1370 650 1391 vero
671 1366 814 1399 comparat
839 1362 875 1390 ad
894 1362 962 1390 alias

117 1409 311 1443 habitudines,
343 1409 447 1438 scilicet
476 1418 511 1437 cx
538 1410 599 1446 ipso
630 1413 656 1438 et
685 1418 738 1446 per
766 1409 879 1446 ipsum,
912 1409 960 1437 ilii:

118 1456 263 1489 Proinde,
285 1456 314 1484 si
333 1456 484 1493 dz’lz’yenter
506 1456 710 1492 inspiciamus.

200 1503 304 1531 Prima
335 1511 400 1540 pars
432 1503 515 1532 hahet
548 1503 626 1531 duas.
659 1503 687 1531 In
710 1503 800 1539 prima
822 1503 961 1532 ostendit.

118 1550 236 1587 qualiter
258 1558 303 1578 res
332 1550 461 1579 dicantur
492 1558 553 1578 esse
586 1550 612 1578 in
635 1550 692 1578 Deo
713 1558 729 1578 a
750 1553 829 1586 parte
851 1550 911 1578 eius
933 1550 959 1577 in

118 1605 173 1634 quo
194 1600 273 1631 sunt,
296 1600 391 1625 utrum
414 1597 519 1625 scilicet
539 1597 594 1625 sint
615 1597 641 1625 in
663 1597 711 1625 Dei
733 1597 868 1630 essentia,
890 1596 961 1625 sicut

118 1647 183 1673 sunt
214 1644 240 1672 in
262 1644 310 1673 Dei
341 1644 532 1681 praescientia.
556 1643 584 1671 In
606 1644 728 1673 secunda
742 1644 759 1678 ¹,
782 1643 902 1680 qualiter
924 1643 962 1671 di-

117 1695 216 1720 cantur
247 1699 307 1720 esse
340 1692 365 1719 in
398 1691 455 1719 Deo
483 1699 499 1719 a
531 1693 609 1727 parte
631 1691 756 1728 ipsarum
778 1698 885 1725 rerum,
908 1690 957 1719 ibi:

117 1738 187 1766 Post
204 1738 361 1775 praedicta
392 1738 565 1776 quaeritur,
598 1746 665 1765 cum
694 1737 794 1765 omnia
821 1737 960 1765 dieantur

117 1793 176 1813 esse
207 1785 237 1813 iu
276 1785 347 1818 Deo,
382 1785 428 1813 uhi
457 1785 582 1822 quaerit,
613 1787 710 1813 utrum
742 1784 816 1812 mala
848 1784 902 1812 sint
934 1784 960 1812 111

117 1832 189 1867 Deo,
211 1835 238 1861 et
252 1832 346 1867 solvit,
362 1832 435 1869 quod
459 1840 522 1860 nou.
545 1831 690 1868 Quaelibet
712 1831 813 1859 harum
838 1831 959 1867 partium

1020 1084 1113 1118 posset
1134 1081 1234 1109 dividi:
1257 1080 1388 1117 qnoniam
1411 1080 1501 1116 primo
1524 1078 1632 1115 quaerit
1654 1082 1680 1107 et
1695 1079 1816 1116 opponit,
1839 1082 1865 1107 et

1020 1128 1197 1165 postmodum
1231 1127 1411 1159 determinat,
1443 1131 1470 1155 ct
1502 1130 1595 1163 partes
1617 1126 1778 1154 manifestae
1800 1130 1865 1154 sunt

1020 1176 1046 1203 in
1070 1175 1170 1203 littera.

1098 1222 1228 1250 Proinde
1259 1221 1287 1249 si
1314 1221 1466 1258 (Ziliqenter
1496 1220 1699 1257 imspz'ez'amus.
1733 1220 1802 1249 Haec
1823 1224 1865 1249 est

1018 1269 1148 1297 secunda
1169 1277 1243 1306 pars,
1266 1268 1293 1296 in
1315 1276 1370 1305 qua
1392 1270 1535 1304 comparat
1556 1268 1609 1296 hoc
1630 1267 1706 1304 quod
1737 1271 1779 1296 est
1806 1276 1865 1295 esse

1020 1316 1051 1344 iu
1074 1316 1130 1344 Deo
1161 1316 1195 1344 ad
1225 1315 1293 1344 alias
1325 1314 1512 1348 habitudines,
1536 1314 1699 1351 importatas
1725 1321 1775 1350 per
1796 1313 1864 1342 alias

1019 1363 1254 1400 praepositiones,
1276 1365 1301 1390 et
1334 1362 1403 1390 haee
1435 1369 1501 1398 pars
1522 1361 1607 1389 habet
1628 1363 1749 1397 quatuor
1771 1363 1865 1397 partes

1020 1410 1175 1438 secundum
1197 1411 1318 1446 quatuor
1333 1408 1463 1445 capitula.
1478 1408 1506 1435 111
1522 1408 1613 1444 prima
1628 1408 1748 1436 ostendit
1762 1408 1862 1436 horum

1019 1456 1105 1485 trium
1134 1456 1372 1490 convenieiitian13
1404 1455 1431 1483 in
1464 1455 1604 1488 secunda,
1630 1454 1815 1483 differentiam
1837 1459 1862 1483 et

1019 1503 1288 1540 appropriationem,
1319 1502 1367 1531 ibi:
1401 1503 1561 1530 Praeterea
1592 1502 1743 1530 sciendum
1765 1506 1813 1529 est.
1835 1502 1861 1529 111

1019 1551 1101 1579 tertia
1129 1550 1313 1579 differentiam
1347 1550 1407 1578 eius
1438 1549 1513 1586 quod
1545 1549 1647 1577 dicitur
1670 1549 1703 1576 dc
1735 1548 1797 1585 ipso
1829 1549 1862 1576 ad

1018 1598 1070 1626 hoe
1092 1597 1167 1634 quod
1189 1596 1311 1625 dicitur²
1326 1605 1360 1625 ex
1376 1597 1438 1633 ipso
1453 1596 1588 1629 ostenuit,
1610 1596 1661 1624 ibi:
1686 1596 1762 1624 Illud
1776 1595 1864 1624 etiam

1018 1643 1065 1672 ltie
1086 1643 1398 1672 cmz'maclvertenclmn³
1413 1646 1461 1671 est.
1477 1643 1505 1671 In
1521 1645 1621 1680 quarta
1644 1642 1765 1671 breviter
1787 1650 1863 1679 prae-

1018 1691 1091 1720 dicta
1113 1690 1245 1728 epilogat,
1267 1690 1317 1718 ibi:
1341 1691 1386 1718 Ex
1403 1690 1580 1727 praemissis
1601 1693 1737 1726 apertum
1759 1693 1816 1723 ert,-
1838 1694 1864 1718 et

1018 1738 1086 1766 haec
1108 1740 1201 1774 posset
1222 1737 1308 1765 dividi
1342 1740 1437 1766 contra
1470 1740 1555 1765 totam
1580 1737 1803 1774 praecedentem.
1825 1736 1864 1764 In-

1019 1784 1146 1813 tellectus
1167 1784 1290 1821 partium
1313 1787 1389 1821 patet
1410 1784 1436 1812 in
1460 1784 1559 1812 littera.

765 2034 950 2062 TRACTATIO
971 2033 1212 2071 QUAESTIONUM.

194 2239 232 2267 Ad
268 2239 476 2275 intelligentiam
512 2239 597 2268 huius
628 2239 715 2276 partis
747 2239 893 2276 quaeritur
924 2238 958 2266 de

116 2286 263 2315 existentia
284 2294 380 2314 rerum
403 2286 429 2314 in
451 2286 523 2320 Deo,
545 2289 572 2314 et
594 2286 667 2315 circa
682 2286 734 2315 hoc
756 2286 809 2314 tria
824 2285 959 2322 principa-

118 2333 181 2361 liter
201 2335 386 2370 quaeruntur.

193 2379 285 2407 Primo
297 2379 451 2415 quaeritur,
467 2382 563 2407 utrum
575 2381 725 2408 creaturae
742 2379 845 2408 fuerint
861 2379 888 2407 111
904 2379 959 2407 Deo

118 2425 302 2454 aeternaliter.

194 2472 320 2500 Secundo
342 2472 487 2509 quaeritur
509 2472 543 2501 de
567 2473 648 2501 modo
670 2473 807 2502 existendi
835 2473 959 2510 ipsarum

117 2526 212 2547 rerum
235 2519 262 2547 in
283 2519 348 2547 Deo.

196 2566 302 2600 Tertio,
325 2569 461 2603 quantum
483 2566 517 2595 ad
540 2566 771 2603 generalitatem‘*
804 2574 900 2595 rerum
934 2566 960 2594 in

118 2612 174 2641 Deo
194 2612 387 2647 existentium,
409 2616 505 2641 utrum
532 2613 636 2641 scilicet
663 2613 755 2641 omnia
784 2621 855 2650 quae
887 2613 960 2641 Deus

181 2827 187 2840 ¹
206 2827 247 2849 Pro
265 2828 292 2849 1η
308 2826 412 2850 secunda
434 2827 526 2854 plurimi
544 2827 612 2850 codd.
630 2827 745 2852 Secundo.

181 2866 189 2880 Ξ
206 2866 248 2888 Pro
265 2865 352 2889 (Ilcitur
363 2866 430 2888 codd.
450 2866 522 2893 PQV
540 2867 587 2894 691,-
606 2867 627 2888 in
646 2873 690 2889 11011
703 2868 783 2895 paucis
800 2866 866 2889 codd.
886 2873 959 2895 nequi*

117 2902 203 2927 dicitur
220 2911 294 2933 neque
311 2906 351 2927 est.

1016 2237 1171 2273 cognoscit,
1192 2236 1295 2265 fuerint
1316 2240 1343 2265 et
1365 2236 1419 2264 sint
1439 2236 1466 2264 in
1488 2236 1554 2264 Deo.
1569 2236 1660 2263 —lta
1682 2235 1755 2272 qnod
1772 2235 1863 2272 primo

1015 2283 1050 2312 de
1064 2283 1220 2317 existentia,
1237 2283 1359 2311 secundo
1375 2283 1409 2311 de
1424 2282 1507 2311 modo
1528 2286 1555 2310 et
1578 2282 1657 2310 tertio
1677 2282 1710 2310 de
1736 2290 1862 2310 numero.

1095 2331 1235 2367 Quantum
1251 2338 1316 2367 ergo
1332 2330 1366 2358 ad
1386 2330 1508 2367 primum
1532 2329 1680 2357 articulum
1704 2329 1760 2356 (luo
1782 2337 1862 2365 quae-

1000 2382 1003 2384 '
1018 2381 1129 2406 runtnr.

1095 2424 1187 2452 Primo
1209 2424 1371 2461 quaeritur,
1394 2426 1490 2451 utrum
1515 2431 1559 2452 res
1581 2423 1684 2451 suerint
1707 2423 1732 2450 in
1756 2422 1812 2450 Deo
1827 2422 1861 2450 ab

1017 2473 1139 2499 aeterno.

1096 2519 1235 2553 Serumlo,
1259 2522 1354 2546 utrum
1377 2518 1432 2546 sint
1454 2518 1480 2545 in
1502 2518 1559 2546 Deo
1581 2517 1686 2545 ratione
1712 2517 1859 2547 essentiae.

1019 2566 1061 2594 vel
1083 2573 1226 2602 personae.

1079 2826 1089 2840 2
1106 2825 1160 2848 Coit.
1181 2826 1198 2847 Τ
1216 2825 1390 2848 attendendum.

1080 2864 1088 2878 ⁴
1106 2865 1161 2886 (1011.
1180 2866 1197 2885 A
1216 2864 1423 2887 1111iversalz'tatmn.
1447 2864 1516 2885 Paulo
1538 2867 1587 2891 post
1611 2869 1652 2890 pro
1670 2861 1787 2890 coquoscit
1811 2862 1858 2883 Vnt.

1017 2910 1069 2926 cum
1096 2904 1145 2925 rod.
1164 2909 1189 2925 cc
1206 2902 1388 2932 prueroynosrit.
