2215 3404
273 211 329 240 [436

269 290 305 318 ad
326 289 517 326 quaestionem
543 288 643 316 factam
674 295 725 324 per
746 287 833 325 qnid,
863 286 965 315 indicat
994 286 1120 315 substan-

270 336 354 370 tiam,
388 336 453 372 quia
484 334 555 372 qnid
585 334 696 371 quaerit
727 334 911 363 substantiam
929 333 936 346 ¹
946 344 954 367 3
985 333 1033 362 sed
1067 334 1117 362 hoc

268 390 369 411 nomen
386 390 515 418 persona
535 381 570 409 ab
593 380 712 409 Ecclesia
734 380 880 409 haereticis
895 388 1060 417 responsum
1077 382 1118 408 est

269 429 483 466 quaerentibus,
505 428 572 465 quid
596 431 666 460 tres,
700 427 771 456 sicut
792 427 858 455 dicit
889 426 1060 463 Augustinus
1090 429 1117 454 et

269 475 432 513 Magister⁹1
455 483 522 512 ergo
544 475 646 503 indicat
668 474 861 503 substantiam.

347 524 373 551 8.
396 523 478 556 ltem,
506 522 559 550 hoc
588 521 700 549 videtur
729 520 880 549 relationis
912 520 1115 549 abstractione.

268 569 470 606 Intelligamus,
492 569 567 605 quod
598 568 676 596 nulla
707 568 805 596 relatio
827 568 862 596 sit
894 567 921 596 in
943 566 1059 601 divinis,
1090 569 1117 595 et

268 617 342 654 quod
366 616 393 644 in
414 624 470 644 una
491 615 549 644 sola
571 615 711 652 hypostasi
734 614 770 643 sit
791 614 885 643 divina
906 617 1020 648 natura,
1046 613 1117 642 sicut

268 663 424 699 intelligunt
446 662 574 699 gentiles;
597 664 663 690 tunc
692 664 799 690 constat
811 660 830 695 ³,
862 661 937 698 quod
959 660 1052 689 adhuc
1074 662 1116 689 est

268 710 422 747 intelligere
443 712 573 738 naturam
588 708 805 737 intellectualem
820 710 847 736 et
861 707 1011 736 habentem
1025 706 1116 741 illam,

268 764 334 793 ergo
356 759 382 784 et
403 763 551 792 personam
567 758 593 784 et
608 757 752 783 naturam:
775 762 842 791 ergo
857 754 889 789 si,
904 753 1117 790 circumscripta

268 802 343 831 011101
364 802 506 836 relatione,
528 801 623 830 salvus
645 804 686 830 est
708 800 864 829 intellectus
883 808 1037 837 personae,
1052 808 1117 836 per-

267 859 340 878 sona
355 858 409 878 non
421 849 524 878 dicitur
545 848 700 877 secundum
722 847 894 876 relationem.
912 847 942 875 Et
958 846 1060 875 dicitur
1078 854 1117 875 se-

268 897 393 926 cundum
408 895 570 925 relationem
591 895 635 923 vel
657 894 811 924 secundum
834 893 1033 923 substantiam:
1049 901 1116 930 ergo

268 943 370 972 dicitur
392 942 545 972 secundum
568 941 760 971 substantiam.

347 990 474 1019 Comus:
495 991 518 1017 l.
541 989 672 1017 Boethius
694 988 721 1016 in
744 988 815 1016 libro
841 987 875 1016 de
897 986 1063 1022 Trinitate⁴,
1089 987 1117 1015 in

129 1044 255 1086 daret-qugd
268 1037 337 1066 fine:
359 1037 412 1065 «Si
435 1044 569 1073 personae
591 1036 696 1064 divisae
718 1037 798 1069 sunt,
821 1042 933 1063 necesse
965 1036 1007 1062 est
1038 1041 1117 1062 voca-

127 1070 209 1109 ειῖἷῗᾱιέιῖι
225 1074 255 1109 ἷέἶ
267 1085 377 1118 bulum,
400 1084 476 1121 quod
497 1091 532 1112 ex
555 1083 682 1120 personis
710 1082 795 1111 trahit
822 1081 975 1118 originem,
997 1081 1032 1109 ad
1054 1081 1117 1109 sub-

126 1115 222 1133 lationem.

268 1132 397 1161 stantiam
419 1139 473 1159 non
495 1130 673 1167 pertinere».
696 1129 723 1157 Si
745 1137 811 1165 ergo
832 1136 903 1165 quae
925 1128 1041 1156 trahunt
1065 1127 1117 1155 ori-

267 1178 358 1215 ginem
371 1186 387 1205 a
398 1177 525 1214 personis
537 1184 591 1204 non
606 1176 746 1213 pertinent
759 1175 795 1204 ad
811 1174 1010 1209 substantiam,
1026 1174 1115 1202 multo

267 1225 367 1253 fortius
388 1232 439 1253 nec
460 1231 561 1252 nomen
579 1231 731 1260 personae.

346 1273 371 1299 2.
387 1271 462 1301 Item,
478 1270 634 1299 Richardus
649 1269 683 1298 de
698 1271 792 1298 sancto
807 1268 916 1297 Victore
927 1268 936 1283 ⁵
951 1268 1025 1302 dicit,
1040 1267 1116 1305 quod

274 1331 285 1342 a
297 1326 425 1355 persona
447 1317 521 1345 idem
543 1319 600 1350 est,
625 1316 701 1353 quod
727 1323 777 1352 per
806 1323 835 1344 se
864 1314 1007 1349 existens,
1035 1314 1116 1343 iuxta

267 1364 407 1402 quendam
431 1363 581 1400 singularis
602 1362 766 1391 existentiae
788 1361 904 1390 modum
926 1364 1043 1390 naturae
1074 1369 1117 1389 ra-

266 1411 415 1445 tionalis»;
437 1410 486 1439 sed
507 1409 658 1446 singularis
679 1409 780 1437 modus
801 1408 965 1437 existentiae
985 1410 1027 1437 est
1048 1407 1117 1436 rela-

266 1458 304 1487 tio
325 1458 353 1486 in
375 1457 487 1486 divinis:
510 1464 576 1493 ergo
598 1458 649 1484 etc.

346 1504 372 1533 3.
394 1504 474 1538 Item,
496 1503 611 1532 ratione
633 1502 760 1537 videtur,
786 1502 852 1539 quia
882 1509 964 1530 omne
995 1509 1115 1536 nomen,

267 1552 341 1589 quod
363 1550 462 1587 recipit
483 1550 693 1579 multitudinem
716 1549 760 1578 vel
781 1548 1027 1585 plurificationem,
1055 1556 1116 1585 per-

266 1598 335 1627 tinet
355 1597 390 1626 ad
411 1597 591 1631 relationem,
614 1596 679 1633 quia
701 1595 857 1625 secuudum
879 1603 975 1624 omnes
990 1595 1116 1624 substan-

266 1645 304 1673 tia
319 1651 430 1681 semper
446 1646 571 1672 remanet
592 1643 719 1671 indivisa.
736 1643 766 1671 Et
780 1642 912 1671 Boethius
923 1642 932 1656 ⁶
946 1641 1024 1676 dicit,
1040 1641 1115 1678 quod

272 1691 452 1721 «substantia
483 1690 604 1720 continet
632 1690 788 1724 unitatem,
820 1689 918 1718 relatio
949 1688 1116 1726 multiplicat

266 1739 418 1767 trinitatem
430 1748 456 1766 »z
479 1738 501 1766 si
524 1746 590 1774 ergo
611 1744 712 1765 nomen
726 1745 871 1774 personae
891 1739 933 1765 est
951 1735 1116 1772 multiplica-

266 1785 334 1820 bile,
356 1788 431 1822 patet
451 1784 527 1822 quod
549 1784 652 1813 dicitur
673 1783 829 1813 secundum
850 1783 1022 1812 relationem.

345 1832 371 1860 [ι.
393 1832 474 1865 Item,
495 1838 577 1859 omne
598 1838 699 1859 nomen
722 1830 757 1859 de
782 1838 811 1859 se
839 1830 994 1867 importans
1022 1829 1116 1858 distin-

266 1878 385 1908 ctionem
407 1878 509 1907 dicitur
536 1877 691 1907 secundum
720 1877 901 1910 101011000οη
932 1876 982 1905 sed
1013 1884 1114 1905 nomen

262 1933 406 1962 personne
428 1924 462 1953 de
477 1932 506 1953 se
528 1924 659 1961 importat
674 1923 894 1957 distinctionem,
909 1923 975 1960 quia
996 1930 1115 1959 persona

266 1974 308 2000 est
329 1971 486 2008 hypostasis
507 1971 677 2008 proprietate
698 1970 843 2003 d1stincta;
864 1973 891 1998 et
912 1969 1063 1998 Boethius⁷
1078 1969 1116 1998 di-

267 2019 318 2053 cit,
340 2019 415 2056 quod
432 2021 498 2047 «est
526 2017 709 2052 individua»,
731 2021 758 2046 et
786 2017 971 2046 individuatio
991 2024 1046 2045 non
1074 2019 1116 2045 est

267 2065 343 2094 aliud
365 2073 450 2102 quam
472 2064 628 2093 distinctio:
653 2071 720 2101 ergo
741 2066 792 2093 etc.

964 186 1215 238 SENTENTIARUM
1237 208 1295 236 LlB.
1318 209 1335 236 l.

1492 294 1704 316 CONCLUSIO.

1175 380 1310 408 Persona
1331 380 1361 408 tn
1393 380 1502 409 (livente
1534 380 1644 408 (licitur
1676 384 1737 408 tuni
1767 381 1927 409 secnnclituin
1957 381 2022 410 snb-

1251 427 1410 460 stantiam,
1433 431 1495 455 ticin
1514 427 1675 455 seeundum
1690 427 1875 460 relationem;
1890 427 1923 456 cle.
1941 436 2022 465 yene-

1252 473 1314 501 111ίὶ
1334 473 1476 501 intellectio
1498 473 1607 501 dicitnr
1629 472 1830 509 prinoipalt'ns
1860 473 2020 502 secundum

1251 519 1449 548 substantiam
1470 528 1560 557 qnam
1580 519 1742 548 sectandum
1767 519 1959 553 relcttz'onent;
1987 520 2021 549 dc

1251 566 1373 602 spectati
1386 575 1453 594 vero
1469 566 1611 595 intellectu
1622 566 1732 595 dicitnr
1748 566 1779 594 in
1790 567 1848 595 Deo
1859 567 2019 595 seeundum

1251 613 1428 642 relatt'onent.

1252 707 1424 736 Resrounssoz
1447 707 1621 740 Dicendum,
1644 707 1719 744 quod
1751 707 1837 744 aliqui
1870 707 2022 736 voluerunt
2033 714 2102 747 Opinio
2116 719 2161 737 ctuo-

1172 753 1282 782 solvere
1303 753 1500 790 distinguendo
1522 754 1750 791 significationem
1761 762 1905 791 personae
1926 761 2022 783 secun·
2046 737 2133 756 mnam.

1173 800 1242 829 dum
1263 800 1461 829 diversitatem
1481 800 1601 829 numeri
1607 823 1616 834 ,
1631 803 1663 829 ut
1677 800 1704 829 in
1726 800 1861 837 singulari
1879 800 2021 830 diceretur

1173 847 1328 876 secundum
1350 847 1550 882 substantiam,
1572 848 1598 876 10
1614 847 1717 885 plurali
1737 847 1891 876 secundum
1913 847 2021 876 relatio-

1172 894 1264 923 nem⁸.
1280 912 1319 915 —-
1333 895 1386 923 Sed
1408 894 1477 923 haec
1498 894 1600 923 solutio
1614 902 1705 932 neque
1726 893 1800 923 valet
1821 893 1852 922 in
1872 902 1914 927 se,
1930 902 2020 931 neque
2034 900 2077 934 Nox}
2094 901 2163 925 proba-

1173 941 1414 978 ctclproposttum.
1438 942 1473 969 In
1493 950 1523 969 se
1543 941 1658 978 quidem
1679 949 1734 969 non
1755 940 1844 975 valet,
1859 940 1924 978 quia
1938 948 2021 970 omne
2046 926 2082 943 Μ’

1172 987 1281 1025 plurale
1303 988 1425 1024 geminat
1446 996 1529 1016 suum
1560 987 1702 1024 singulare
1713 987 1730 1022 ⁹,
1759 995 1825 1024 ergo
1850 995 1905 1015 non
1930 989 2021 1016 mutat

1173 1034 1410 1071 significationem.
1433 1035 1481 1063 A(l
1498 1034 1684 1072 propositam
1712 1042 1766 1062 non
1788 1034 1874 1069 valet,
1896 1033 1962 1071 quia
1982 1034 2021 1063 di-

1173 1081 1245 1110 citur
1266 1081 1294 1109 in
1326 1081 1475 1118 singulari:
1504 1081 1559 1110 alia
1586 1089 1706 1118 persona
1734 1081 1834 1115 Patris,
1862 1080 1917 1109 alia
1946 1080 2020 1115 Filii,

1172 1128 1247 1165 quod
1269 1127 1324 1156 dici
1344 1136 1399 1156 non
1421 1130 1526 1165 posset,
1542 1128 1565 1157 si
1580 1130 1652 1157 esset
1666 1128 1804 1156 terminus
1819 1126 2019 1162 substantialis,

1172 1182 1237 1203 cum
1258 1183 1311 1203 non
1335 1175 1370 1204 sit
1390 1175 1444 1203 alia
1466 1175 1621 1204 substantia
1641 1174 1744 1209 Patris,
1765 1174 1819 1203 alia
1839 1174 1906 1202 Filii.

1250 1222 1300 1250 Alii
1321 1222 1472 1250 voluerunt
1493 1222 1601 1250 solvere
1623 1229 1673 1259 per
1694 1220 1899 1250 distinctionem
1915 1221 2096 1258 signifi-omnio
2116 1228 2162 1247 alio-

1172 1268 1287 1297 cationis
1307 1269 1469 1297 seeundum
1490 1269 1608 1297 diversa
1624 1272 1769 1305 tempora,
1784 1268 1928 1303 videlicet,
1944 1269 2020 1306 quod
2044 1257 2093 1270 '¹¹⁰¹'

1171 1318 1235 1344 ante
1256 1315 1467 1353 responsionem
1489 1315 1626 1345 Ecclesiae
1641 1315 1784 1344 diceretur
1799 1315 2019 1344 substantialiter

1172 1364 1199 1390 et
1220 1361 1375 1390 secundum
1401 1361 1602 1396 substantiam,
1628 1364 1690 1398 post
1715 1361 1924 1398 responsionem
1950 1361 2021 1390 dice-

1172 1411 1250 1437 retur
1272 1408 1427 1437 secundum
1450 1408 1622 1437 relationem.
1638 1425 1677 1429 ——
1691 1408 1744 1437 Sed
1766 1408 1834 1437 haec
1856 1407 1957 1437 solutio
1985 1408 2017 1437 in
2033 1415 2080 1433 nem
2094 1415 2162 1439 impro-

1171 1463 1201 1482 se
1221 1462 1275 1483 non
1297 1454 1372 1483 valet
1392 1462 1444 1484 nec
1465 1455 1506 1483 acl
1522 1454 1716 1492 propositum.
1738 1454 1774 1482 In
1804 1462 1834 1482 se
1854 1462 1910 1482 non
1930 1454 2019 1489 valet,
2046 1438 2109 1457 mm*

1172 1502 1237 1539 quia
1258 1502 1378 1531 Ecclesia
1398 1501 1493 1539 aliqua
1513 1501 1620 1530 ratione
1645 1501 1819 1539 1051100011ιθ
1840 1501 1929 1538 magis
1949 1501 2020 1531 illud

1171 1556 1273 1578 nomen
1293 1557 1378 1586 quam
1400 1548 1477 1577 aliud
1498 1548 1694 1582 substantiale3
1717 1550 1744 1577 et
1765 1551 1832 1577 tunc
1852 1556 1907 1577 non
1935 1548 2021 1586 impo

1172 1595 1228 1624 suit
1249 1595 1494 1633 significationem:
1522 1603 1589 1633 ergo
1617 1595 1761 1633 responsio
1787 1595 1924 1624 Ecclesiae
1951 1595 2021 1624 nihil

1171 1642 1235 1671 facit
1255 1643 1291 1671 ad
1313 1642 1497 1671 mutationem
1519 1642 1735 1680 significationis.
1758 1642 1807 1670 Act
1833 1642 2020 1679 propositum

1171 1689 1342 1722 non'valet,
1373 1689 1439 1726 quia
1470 1689 1627 1718 secundum
1655 1688 1903 1726 significationem,
1934 1696 2021 1726 quam

1171 1737 1255 1765 habet
1275 1739 1338 1773 post
1358 1736 1567 1773 responsionem
1583 1736 1735 1771 Ecclesiae,
1757 1735 1912 1773 loquuntur
1930 1736 2021 1765 docto-

1171 1791 1231 1818 res,
1252 1786 1279 1812 et
1299 1786 1419 1812 currunt
1440 1783 1561 1812 rationes
1582 1783 1618 1812 ad
1638 1786 1789 1820 utramque
1810 1785 1928 1820 partem.

1250 1830 1280 1858 Et
1301 1833 1450 1867 propterea
1471 1832 1513 1858 est
1533 1829 1762 1867 intelligendum,
1789 1829 1865 1866 quod
1889 1837 2019 1866 persona
2051 1836 2149 1863 semem-ta

1171 1876 1273 1905 dicitur
1294 1876 1452 1911 rationalis
1471 1879 1600 1904 naturae
1626 1876 1811 1913 suppositum
1838 1875 2020 1913 proprietate
2031 1862 2120 1879 auctum.

1171 1922 1355 1956 distinctum,
1378 1922 1533 1951 secundum
1554 1930 1666 1956 omnes,
1688 1922 1736 1960 qui
1768 1922 1927 1959 intelligunt
1957 1922 2018 1951 eius

1172 1968 1400 2006 significationem
1423 1969 1585 2006 specialem3
1607 1969 1654 1998 sed
1677 1969 1862 2006 suppositum
1878 1969 2021 1998 rationalis

1171 2019 1289 2044 naturae
1310 2018 1416 2044 constat
1438 2023 1498 2045 esse
1521 2016 1721 2051 substantiam,
1739 2015 1952 2053 proprietatem
1983 2016 2021 2045 di-

1172 2063 1359 2100 stinguentem
1381 2065 1488 2092 constat
1509 2071 1570 2092 esse
1591 2063 1763 2092 relationem.
1788 2063 1857 2092 Cum
1881 2071 1948 2100 ergo
1961 2071 2023 2100 per„

330 2478 336 2491 1
355 2477 399 2499 Cfr.
418 2477 516 2504 Ariston,
535 2476 549 2497 11
567 2475 651 2497 Poster.
670 2481 689 2497 c.
712 2475 728 2496 1.
747 2481 794 2503 seq.

329 2517 337 2531 2'
355 2516 396 2539 Hic
412 2516 434 2537 10
452 2516 482 2537 lit.
500 2521 519 2537 0.
538 2515 559 2542 2,
577 2514 656 2537 uhi'et
673 2513 745 2536 verba
763 2514 883 2541 Augustini
901 2513 1038 2536 indicantur.

327 2556 337 2570 3
354 2556 404 2577 Vat.
422 2561 476 2577 cum
493 2555 541 2576 solo
559 2554 609 2576 cod.
628 2560 653 2576 cc
671 2552 792 2582 continqi't.

330 2594 339 2609 ·¹
357 2595 434 2616 Melius
452 2595 473 2615 in
491 2593 562 2615 libro:
583 2593 681 2615 «Utrum
700 2593 764 2615 Pater
780 2596 802 2614 et
819 2592 886 2614 Filius
904 2598 930 2614 00
948 2592 1045 2620 Spiritus
1065 2598 1114 2614 san-

267 2638 316 2656 ctus
334 2633 362 2655 (10
380 2633 496 2655 divinitate
513 2632 691 2654 substantialiter
711 2631 873 2659 praedicentur
883 2640 904 2659 υ,
922 2637 962 2653 seu
984 2639 994 2651 «
1004 2631 1033 2653 de
1050 2631 1114 2653 Prae-

268 2673 379 2695 dicatione
396 2673 465 2694 trium
483 2677 635 2700 personarum
646 2679 667 2698 12,
686 2676 756 2699 quom
781 2671 872 2698 scripsit
888 2670 918 2692 ad
935 2670 1049 2698 10000010,
1068 2670 1114 2692 010-

268 2717 352 2733 0001101
364 2711 476 2733 Ecclesiae
494 2710 618 2732 Romanae.
636 2721 667 2725 —
684 2709 705 2731 ln
724 2710 775 2737 ipso
793 2711 853 2731 textu
870 2709 940 2731 editio
957 2711 1009 2737 post
1025 2708 1114 2731 divisae

267 2751 325 2772 sunt
340 2749 454 2777 adiungit:
472 2748 605 2772 substantia
621 2754 676 2771 vero
694 2747 810 2775 indirisci,·
822 2748 900 2775 plures
917 2747 984 2770 codd.
997 2750 1022 2770 ut
1038 2748 1070 2769 IS
1087 2754 1113 2770 ee

268 2788 285 2809 n
300 2794 353 2810 cum
371 2788 407 2810 ed.
426 2788 434 2809 11
457 2786 538 2810 trahat
553 2793 596 2815 pro
615 2786 695 2809 trahit.

330 2826 340 2840 ⁵
357 2826 417 2848 Libr.
437 2826 471 2848 Ν.
490 2826 518 2847 de
536 2826 599 2854 Trin.
625 2831 644 2847 c.
671 2824 715 2846 ‘242
741 2824 851 2846 Fortassis
879 2825 922 2847 erit
938 2825 1028 2852 planius
1045 2828 1067 2847 et
1083 2825 1113 2847 ad

268 2866 439 2893 intelligentiam
458 2864 597 2892 expeditius,
615 2865 633 2886 si
652 2864 762 2891 dicimus,
780 2863 844 2892 quod
856 2869 954 2891 persona
971 2864 999 2885 sit
1015 2865 1113 2886 existens

269 2910 311 2932 per
328 2910 351 2925 se
369 2904 443 2925 solum
461 2904 521 2925 iuxta
538 2903 678 2930 singularem
702 2902 819 2930 quendam
844 2902 959 2924 rationalis
982 2902 1113 2924 existentiae

269 2943 373 2965 modum.
391 2955 422 2959 -—
439 2943 489 2964 Vat.
507 2948 560 2964 cum
573 2942 623 2964 eod.
641 2948 666 2964 00
685 2941 750 2964 Unde
766 2947 809 2969 pro
826 2942 890 2964 Item.

331 2982 340 2996 ὓ
358 2981 417 3003 Libr.
436 2981 465 3003 de
483 2981 545 3003 Trin.
564 2986 582 3003 c.
600 2981 626 3005 6:
653 2981 675 3002 in
702 2986 747 3009 quo
766 2983 825 3003 textu
843 2983 895 3008 post
911 2980 994 3003 relatio
1012 2980 1062 3003 cod.
1079 2979 1111 3002 bb

1170 2480 1222 2496 01101
1241 2473 1408 2502 antiquioribus
1425 2473 1477 2496 edd.
1495 2473 1582 2495 Boethii
1599 2472 1662 2495 addit
1679 2478 1742 2495 vero.
1759 2484 1791 2489 —-
1808 2473 1876 2495 Paulo
1893 2475 1945 2495 ante
1967 2472 2018 2495 Vat.

1170 2519 1222 2536 cum
1239 2513 1290 2535 cod.
1308 2519 1333 2535 00
1350 2514 1432 2535 00111111
1447 2519 1545 2542 semper.

1232 2551 1241 2566 ⁷
1258 2552 1318 2574 Libr.
1344 2551 1373 2574 de
1389 2551 1485 2574 Duabus
1509 2552 1596 2573 naturis
1622 2553 1643 2573 et
1661 2557 1705 2573 una
1728 2556 1826 2578 persona
1844 2549 1938 2578 Christi,
1956 2556 1976 2572 c.
1995 2550 2016 2572 3.

1171 2591 1228 2614 Vide
1245 2597 1315 2619 supra
1333 2597 1381 2619 arg.
1400 2590 1421 2612 4.
1439 2590 1467 2612 ad
1486 2596 1540 2618 opp.
1558 2602 1589 2606 —
1606 2589 1638 2611 De
1656 2589 1788 2611 definitione
1805 2595 1918 2616 personae
1935 2589 2018 2611 imme-

1171 2630 1229 2652 diate
1247 2630 1373 2658 praemissa
1391 2630 1431 2652 cfr.
1449 2630 1479 2651 lit.
1498 2629 1604 2657 Magistri,
1616 2634 1635 2650 0.
1650 2628 1670 2656 3,
1688 2631 1710 2650 et
1727 2628 1784 2649 intra
1797 2634 1817 2649 a.
1836 2627 1855 2649 11.
1874 2634 1896 2656 (1.
1915 2628 1935 2649 2.
1953 2627 1984 2649 ad
1996 2627 2017 2649 4.

1169 2681 1201 2685 —
1212 2669 1281 2691 Paulo
1293 2669 1401 2696 superius
1413 2671 1465 2696 post
1476 2667 1517 2690 setl
1525 2668 1594 2696 aliqui
1603 2667 1670 2689 codd.
1683 2669 1707 2688 ut
1719 2666 1737 2688 G
1746 2666 1766 2688 K
1777 2666 1792 2688 P
1803 2666 1821 2694 Q
1834 2672 1861 2688 aa
1873 2665 1905 2688 bb
1914 2667 2017 2688 inserunt

1169 2706 1225 2735 hoc,
1245 2710 1267 2729 et
1283 2706 1350 2729 codd.
1368 2713 1395 2729 aa
1412 2706 1444 2728 bb
1462 2709 1514 2734 post
1537 2711 1624 2728 nomen
1641 2704 1751 2727 adiiciunt
1772 2703 1876 2732 sctttcet;
1894 2703 1947 2726 dein
1964 2704 2015 2727 Vat.

1170 2752 1223 2768 011111
1240 2746 1288 2768 5010
1305 2745 1357 2768 cod.
1374 2751 1399 2767 cc
1417 2747 1469 2773 post
1482 2750 1600 2774 personae
1618 2744 1700 2766 omittit
1718 2742 1745 2766 cte
1761 2749 1792 2766 se.

1232 2785 1241 2799 ⁸
1258 2785 1330 2807 Huius
1347 2790 1389 2807 nec
1406 2790 1451 2806 non
1469 2786 1490 2806 et
1507 2783 1621 2806 secundae
1639 2783 1780 2811 sententiae,
1797 2782 1855 2804 intra
1873 2781 2014 2810 subsequen-

1170 2825 1208 2852 tis,
1226 2824 1295 2846 fuisse
1312 2823 1404 2846 videtur
1421 2823 1534 2850 Magister,
1552 2823 1588 2844 hic
1605 2828 1624 2844 0.
1643 2822 1663 2844 2.
1684 2821 1728 2844 Csr.
1742 2821 1764 2843 S.
1778 2821 1868 2848 Thom.,
1881 2820 1909 2843 de
1927 2820 2013 2843 Poterit.

1170 2869 1192 2891 q.
1210 2864 1232 2885 9.
1250 2869 1270 2885 0.
1288 2862 1308 2884 4.

1231 2901 1241 2915 ⁹
1258 2901 1316 2924 Vide
1334 2901 1448 2928 Priscian„
1467 2900 1494 2922 V.
1512 2900 1636 2922 Grammat.
1654 2905 1671 2921 0.
1692 2900 1713 2921 9.

1234 2940 1252 2955 ¹⁰
1270 2940 1319 2963 Vnt.
1338 2946 1391 2962 cum
1409 2939 1524 2968 aliquibus
1550 2939 1616 2961 codd.
1635 2938 1760 2968 respondet
1768 2947 1777 2966 ,·
1802 2943 1855 2960 mox
1872 2937 1922 2959 cod.
1940 2937 1958 2958 tt
1975 2936 2015 2959 ali-

1170 2979 1232 3010 quod
1249 2984 1331 3002 nomen
1350 2978 1504 3002 substantiale
1522 2984 1564 3006 pro
1582 2977 1649 3000 (uliud
1665 2976 1826 3000 substantiale.
