<?xml version="1.0" encoding="UTF-8"?>
<!DOCTYPE html PUBLIC "-//W3C//DTD XHTML 1.0 Transitional//EN"
    "http://www.w3.org/TR/xhtml1/DTD/xhtml1-transitional.dtd">
<html xmlns="http://www.w3.org/1999/xhtml" xml:lang="en" lang="en">
 <head>
  <title>
</title>
<meta http-equiv="Content-Type" content="text/html;charset=utf-8" />
  <meta name='ocr-system' content='tesseract 3.04.00' />
  <meta name='ocr-capabilities' content='ocr_page ocr_carea ocr_par ocr_line ocrx_word'/>
</head>
<body>
  <div class='ocr_page' id='page_1' title='image "./doctorisseraphic12bona/doctorisseraphic12bona_0081.png"; bbox 0 0 2215 3404; ppageno 0'>
   <div class='ocr_carea' id='block_1_1' title="bbox 10 2091 136 2109">
    <p class='ocr_par' dir='ltr' id='par_1_1' title="bbox 10 2091 136 2109">
     <span class='ocr_line' id='line_1_1' title="bbox 10 2091 136 2109; baseline 0 0"><span class='ocrx_word' id='word_1_1' title='bbox 10 2091 52 2109; x_wconf 80' lang='lat' dir='ltr'>Alia</span> <span class='ocrx_word' id='word_1_2' title='bbox 61 2091 136 2109; x_wconf 86' lang='lat' dir='ltr'>solutio.</span> 
     </span>
    </p>
   </div>
   <div class='ocr_carea' id='block_1_2' title="bbox 810 213 1242 242">
    <p class='ocr_par' dir='ltr' id='par_1_2' title="bbox 810 213 1242 242">
     <span class='ocr_line' id='line_1_2' title="bbox 810 213 1242 242; baseline 0 -1"><span class='ocrx_word' id='word_1_3' title='bbox 810 213 892 242; x_wconf 85' lang='lat' dir='ltr'>DlST.</span> <span class='ocrx_word' id='word_1_4' title='bbox 915 213 1015 242; x_wconf 83' lang='lat' dir='ltr'>XXVII.</span> <span class='ocrx_word' id='word_1_5' title='bbox 1037 213 1063 241; x_wconf 83' lang='lat' dir='ltr'>P.</span> <span class='ocrx_word' id='word_1_6' title='bbox 1086 213 1113 241; x_wconf 89' lang='grc'>11.</span> <span class='ocrx_word' id='word_1_7' title='bbox 1136 213 1242 241; x_wconf 71' lang='grc' dir='ltr'><strong>ΒΗΒΙᾹ.</strong></span> 
     </span>
    </p>
   </div>
   <div class='ocr_carea' id='block_1_3' title="bbox 151 291 996 478">
    <p class='ocr_par' dir='ltr' id='par_1_3' title="bbox 151 291 996 438">
     <span class='ocr_line' id='line_1_3' title="bbox 151 291 995 321; baseline -0.004 -6"><span class='ocrx_word' id='word_1_8' title='bbox 151 294 249 315; x_wconf 83' lang='lat' dir='ltr'>auctoris</span> <span class='ocrx_word' id='word_1_9' title='bbox 266 293 381 320; x_wconf 83' lang='lat' dir='ltr'>praeclara</span> <span class='ocrx_word' id='word_1_10' title='bbox 398 296 443 321; x_wconf 74' lang='lat' dir='ltr'>est,</span> <span class='ocrx_word' id='word_1_11' title='bbox 461 293 595 320; x_wconf 81' lang='lat' dir='ltr'>praesertim</span> <span class='ocrx_word' id='word_1_12' title='bbox 615 292 679 321; x_wconf 89' lang='lat' dir='ltr'>quod</span> <span class='ocrx_word' id='word_1_13' title='bbox 696 292 725 314; x_wconf 87' lang='lat' dir='ltr'>de</span> <span class='ocrx_word' id='word_1_14' title='bbox 747 291 896 314; x_wconf 75' lang='lat' dir='ltr'>similitudine</span> <span class='ocrx_word' id='word_1_15' title='bbox 913 294 935 313; x_wconf 83' lang='lat' dir='ltr'>ct</span> <span class='ocrx_word' id='word_1_16' title='bbox 951 291 995 313; x_wconf 79' lang='lat' dir='ltr'>dis-</span> 
     </span>
     <span class='ocr_line' id='line_1_4' title="bbox 151 331 995 359; baseline -0.002 -5"><span class='ocrx_word' id='word_1_17' title='bbox 151 333 297 355; x_wconf 82' lang='lat' dir='ltr'>similitudine</span> <span class='ocrx_word' id='word_1_18' title='bbox 314 333 372 354; x_wconf 84' lang='lat' dir='ltr'>inter</span> <span class='ocrx_word' id='word_1_19' title='bbox 389 331 488 354; x_wconf 82' lang='lat' dir='ltr'>verbum</span> <span class='ocrx_word' id='word_1_20' title='bbox 506 332 547 354; x_wconf 84' lang='lat' dir='ltr'>Dei</span> <span class='ocrx_word' id='word_1_21' title='bbox 564 334 587 354; x_wconf 84' lang='lat' dir='ltr'>et</span> <span class='ocrx_word' id='word_1_22' title='bbox 598 335 701 354; x_wconf 88' lang='lat' dir='ltr'>nostrum</span> <span class='ocrx_word' id='word_1_23' title='bbox 715 331 782 359; x_wconf 57' lang='lat' dir='ltr'>diem</span> <span class='ocrx_word' id='word_1_24' title='bbox 802 331 907 353; x_wconf 84' lang='lat' dir='ltr'>nonnulla</span> <span class='ocrx_word' id='word_1_25' title='bbox 921 331 995 359; x_wconf 86' lang='lat' dir='ltr'>magis</span> 
     </span>
     <span class='ocr_line' id='line_1_5' title="bbox 151 369 996 400; baseline -0.002 -6"><span class='ocrx_word' id='word_1_26' title='bbox 151 372 291 400; x_wconf 74' lang='lat' dir='ltr'>explicantur</span> <span class='ocrx_word' id='word_1_27' title='bbox 303 378 344 400; x_wconf 85' lang='lat' dir='ltr'>per</span> <span class='ocrx_word' id='word_1_28' title='bbox 361 378 386 394; x_wconf 81' lang='lat' dir='ltr'>ea</span> <span class='ocrx_word' id='word_1_29' title='bbox 405 377 463 400; x_wconf 84' lang='lat' dir='ltr'>quae</span> <span class='ocrx_word' id='word_1_30' title='bbox 476 371 505 393; x_wconf 88' lang='lat' dir='ltr'>de</span> <span class='ocrx_word' id='word_1_31' title='bbox 517 371 643 393; x_wconf 77' lang='lat' dir='ltr'>differentia</span> <span class='ocrx_word' id='word_1_32' title='bbox 660 371 717 392; x_wconf 80' lang='lat' dir='ltr'>inter</span> <span class='ocrx_word' id='word_1_33' title='bbox 735 369 858 399; x_wconf 63' lang='lat' dir='ltr'>nesapium</span> <span class='ocrx_word' id='word_1_34' title='bbox 874 373 896 392; x_wconf 84' lang='lat' dir='ltr'>et</span> <span class='ocrx_word' id='word_1_35' title='bbox 913 369 996 399; x_wconf 63' lang='lat' dir='ltr'>[maei-</span> 
     </span>
     <span class='ocr_line' id='line_1_6' title="bbox 151 409 994 438; baseline -0.004 -5"><span class='ocrx_word' id='word_1_36' title='bbox 151 417 205 434; x_wconf 83' lang='lat' dir='ltr'>nem</span> <span class='ocrx_word' id='word_1_37' title='bbox 216 414 257 433; x_wconf 87' lang='lat' dir='ltr'>etc.</span> <span class='ocrx_word' id='word_1_38' title='bbox 271 411 329 433; x_wconf 86' lang='lat' dir='ltr'>dicta</span> <span class='ocrx_word' id='word_1_39' title='bbox 347 414 399 433; x_wconf 89' lang='lat' dir='ltr'>sunt</span> <span class='ocrx_word' id='word_1_40' title='bbox 416 416 486 438; x_wconf 85' lang='lat' dir='ltr'>supra</span> <span class='ocrx_word' id='word_1_41' title='bbox 504 409 526 431; x_wconf 93' lang='lat' dir='ltr'>d.</span> <span class='ocrx_word' id='word_1_42' title='bbox 545 410 565 431; x_wconf 86' lang='lat'>3.</span> <span class='ocrx_word' id='word_1_43' title='bbox 585 416 607 437; x_wconf 86' lang='lat' dir='ltr'>p.</span> <span class='ocrx_word' id='word_1_44' title='bbox 625 410 640 431; x_wconf 92' lang='lat'>1.</span> <span class='ocrx_word' id='word_1_45' title='bbox 658 416 680 438; x_wconf 89' lang='lat' dir='ltr'>q.</span> <span class='ocrx_word' id='word_1_46' title='bbox 699 410 720 437; x_wconf 78' lang='lat'>⁴2,</span> <span class='ocrx_word' id='word_1_47' title='bbox 733 411 755 431; x_wconf 85' lang='lat' dir='ltr'>et</span> <span class='ocrx_word' id='word_1_48' title='bbox 766 415 788 437; x_wconf 88' lang='lat' dir='ltr'>p.</span> <span class='ocrx_word' id='word_1_49' title='bbox 803 409 824 430; x_wconf 94' lang='lat' dir='ltr'>ll.</span> <span class='ocrx_word' id='word_1_50' title='bbox 837 415 856 430; x_wconf 91' lang='lat' dir='ltr'>a.</span> <span class='ocrx_word' id='word_1_51' title='bbox 871 409 891 431; x_wconf 88' lang='lat' dir='ltr'>l.</span> <span class='ocrx_word' id='word_1_52' title='bbox 904 415 926 437; x_wconf 89' lang='lat' dir='ltr'>q.</span> <span class='ocrx_word' id='word_1_53' title='bbox 941 410 960 430; x_wconf 89' lang='lat' dir='ltr'>l.</span> <span class='ocrx_word' id='word_1_54' title='bbox 974 410 994 431; x_wconf 75' lang='lat'>⁴2.</span> 
     </span>
    </p>

    <p class='ocr_par' dir='ltr' id='par_1_4' title="bbox 212 448 994 478">
     <span class='ocr_line' id='line_1_7' title="bbox 212 448 994 478; baseline -0.003 -7"><span class='ocrx_word' id='word_1_55' title='bbox 212 449 274 471; x_wconf 76' lang='lat' dir='ltr'>Alex.</span> <span class='ocrx_word' id='word_1_56' title='bbox 292 449 356 477; x_wconf 68' lang='lat' dir='ltr'>Hah,</span> <span class='ocrx_word' id='word_1_57' title='bbox 380 450 401 471; x_wconf 80' lang='lat' dir='ltr'>S.</span> <span class='ocrx_word' id='word_1_58' title='bbox 419 455 441 477; x_wconf 88' lang='lat' dir='ltr'>p.</span> <span class='ocrx_word' id='word_1_59' title='bbox 460 449 474 470; x_wconf 89' lang='grc'>1.</span> <span class='ocrx_word' id='word_1_60' title='bbox 500 456 521 478; x_wconf 89' lang='lat' dir='ltr'>q.</span> <span class='ocrx_word' id='word_1_61' title='bbox 541 449 577 471; x_wconf 82' lang='lat'>6-2.</span> <span class='ocrx_word' id='word_1_62' title='bbox 595 455 625 470; x_wconf 90' lang='lat' dir='ltr'>m.</span> <span class='ocrx_word' id='word_1_63' title='bbox 645 449 664 470; x_wconf 87' lang='grc'>1.</span> <span class='ocrx_word' id='word_1_64' title='bbox 683 455 702 471; x_wconf 85' lang='lat' dir='ltr'>a.</span> <span class='ocrx_word' id='word_1_65' title='bbox 725 449 742 470; x_wconf 94' lang='lat' dir='ltr'>l.</span> <span class='ocrx_word' id='word_1_66' title='bbox 761 450 781 470; x_wconf 83' lang='grc'>3,</span> <span class='ocrx_word' id='word_1_67' title='bbox 807 460 839 464; x_wconf 92' lang='grc'>-</span> <span class='ocrx_word' id='word_1_68' title='bbox 863 448 885 470; x_wconf 83' lang='lat' dir='ltr'>S.</span> <span class='ocrx_word' id='word_1_69' title='bbox 912 448 994 469; x_wconf 88' lang='lat' dir='ltr'>Tliom.</span> 
     </span>
    </p>
   </div>
   <div class='ocr_carea' id='block_1_4' title="bbox 1838 217 1891 244">
    <p class='ocr_par' dir='ltr' id='par_1_5' title="bbox 1838 217 1891 244">
     <span class='ocr_line' id='line_1_8' title="bbox 1838 217 1891 244; baseline 0 0"><span class='ocrx_word' id='word_1_70' title='bbox 1838 217 1891 244; x_wconf 66' lang='lat' dir='ltr'>litii</span> 
     </span>
    </p>
   </div>
   <div class='ocr_carea' id='block_1_5' title="bbox 1052 292 1897 476">
    <p class='ocr_par' dir='ltr' id='par_1_6' title="bbox 1052 292 1897 476">
     <span class='ocr_line' id='line_1_9' title="bbox 1053 292 1897 321; baseline 0.005 -9"><span class='ocrx_word' id='word_1_71' title='bbox 1053 292 1210 319; x_wconf 84' lang='lat' dir='ltr'>quaestionem</span> <span class='ocrx_word' id='word_1_72' title='bbox 1229 292 1299 319; x_wconf 79' lang='lat' dir='ltr'>tangit</span> <span class='ocrx_word' id='word_1_73' title='bbox 1318 292 1354 313; x_wconf 83' lang='grc'><strong>1116</strong></span> <span class='ocrx_word' id='word_1_74' title='bbox 1371 298 1392 319; x_wconf 69' lang='lat' dir='ltr'>q,</span> <span class='ocrx_word' id='word_1_75' title='bbox 1412 292 1432 313; x_wconf 76' lang='lat'>2.</span> <span class='ocrx_word' id='word_1_76' title='bbox 1450 298 1469 313; x_wconf 85' lang='lat' dir='ltr'>a.</span> <span class='ocrx_word' id='word_1_77' title='bbox 1493 292 1497 313; x_wconf 98' lang='lat' dir='ltr'>l</span> <span class='ocrx_word' id='word_1_78' title='bbox 1513 299 1517 319; x_wconf 86' lang='grc'>;</span> <span class='ocrx_word' id='word_1_79' title='bbox 1536 293 1557 314; x_wconf 76' lang='lat' dir='ltr'>S.</span> <span class='ocrx_word' id='word_1_80' title='bbox 1576 293 1589 314; x_wconf 95' lang='lat' dir='ltr'>l.</span> <span class='ocrx_word' id='word_1_81' title='bbox 1608 299 1630 321; x_wconf 82' lang='lat' dir='ltr'>q.</span> <span class='ocrx_word' id='word_1_82' title='bbox 1650 292 1685 314; x_wconf 79' lang='lat'>34.</span> <span class='ocrx_word' id='word_1_83' title='bbox 1704 299 1723 315; x_wconf 83' lang='lat' dir='ltr'>a.</span> <span class='ocrx_word' id='word_1_84' title='bbox 1746 294 1768 321; x_wconf 89' lang='lat' dir='ltr'>l;</span> <span class='ocrx_word' id='word_1_85' title='bbox 1786 293 1815 315; x_wconf 90' lang='lat' dir='ltr'>de</span> <span class='ocrx_word' id='word_1_86' title='bbox 1833 294 1897 316; x_wconf 85' lang='lat' dir='ltr'>Veri-</span> 
     </span>
     <span class='ocr_line' id='line_1_10' title="bbox 1052 329 1895 361; baseline 0.004 -10"><span class='ocrx_word' id='word_1_87' title='bbox 1052 332 1096 352; x_wconf 86' lang='lat' dir='ltr'>tate</span> <span class='ocrx_word' id='word_1_88' title='bbox 1115 336 1136 358; x_wconf 87' lang='lat' dir='ltr'>q.</span> <span class='ocrx_word' id='word_1_89' title='bbox 1156 329 1176 352; x_wconf 69' lang='lat' dir='ltr'>li.</span> <span class='ocrx_word' id='word_1_90' title='bbox 1194 337 1214 352; x_wconf 90' lang='lat' dir='ltr'>a.</span> <span class='ocrx_word' id='word_1_91' title='bbox 1236 330 1253 352; x_wconf 88' lang='grc'>1.</span> <span class='ocrx_word' id='word_1_92' title='bbox 1271 342 1303 347; x_wconf 92' lang='lat'>—</span> <span class='ocrx_word' id='word_1_93' title='bbox 1319 330 1343 352; x_wconf 88' lang='lat' dir='ltr'>B.</span> <span class='ocrx_word' id='word_1_94' title='bbox 1361 330 1461 359; x_wconf 62' lang='grc' dir='ltr'><strong>Δῶρι-1.,</strong></span> <span class='ocrx_word' id='word_1_95' title='bbox 1479 331 1515 353; x_wconf 88' lang='grc'><strong>111(-</strong></span> <span class='ocrx_word' id='word_1_96' title='bbox 1532 338 1551 353; x_wconf 85' lang='lat' dir='ltr'>a.</span> <span class='ocrx_word' id='word_1_97' title='bbox 1570 332 1590 353; x_wconf 84' lang='lat'>3.</span> <span class='ocrx_word' id='word_1_98' title='bbox 1607 331 1625 353; x_wconf 68' lang='grc'>1.</span> <span class='ocrx_word' id='word_1_99' title='bbox 1643 332 1664 353; x_wconf 82' lang='lat'>7.</span> <span class='ocrx_word' id='word_1_100' title='bbox 1682 344 1713 348; x_wconf 97' lang='lat'><strong>—</strong></span> <span class='ocrx_word' id='word_1_101' title='bbox 1730 332 1787 354; x_wconf 78' lang='lat' dir='ltr'>Pctr.</span> <span class='ocrx_word' id='word_1_102' title='bbox 1805 339 1817 354; x_wconf 87' lang='lat' dir='ltr'>a</span> <span class='ocrx_word' id='word_1_103' title='bbox 1835 333 1895 361; x_wconf 78' lang='lat' dir='ltr'>Tar.7</span> 
     </span>
     <span class='ocr_line' id='line_1_11' title="bbox 1052 370 1896 399; baseline 0.004 -8"><span class='ocrx_word' id='word_1_104' title='bbox 1052 370 1088 392; x_wconf 78' lang='lat' dir='ltr'>liic</span> <span class='ocrx_word' id='word_1_105' title='bbox 1106 376 1127 398; x_wconf 88' lang='grc'>(1.</span> <span class='ocrx_word' id='word_1_106' title='bbox 1146 370 1167 391; x_wconf 72' lang='grc'>2.</span> <span class='ocrx_word' id='word_1_107' title='bbox 1185 375 1205 391; x_wconf 85' lang='lat' dir='ltr'>a.</span> <span class='ocrx_word' id='word_1_108' title='bbox 1228 370 1244 391; x_wconf 84' lang='lat' dir='ltr'>l.</span> <span class='ocrx_word' id='word_1_109' title='bbox 1262 370 1403 398; x_wconf 79' lang='lat' dir='ltr'>quaestiunc.</span> <span class='ocrx_word' id='word_1_110' title='bbox 1426 370 1443 391; x_wconf 93' lang='lat' dir='ltr'>l.</span> <span class='ocrx_word' id='word_1_111' title='bbox 1462 370 1482 391; x_wconf 74' lang='lat'>2.</span> <span class='ocrx_word' id='word_1_112' title='bbox 1500 382 1531 385; x_wconf 97' lang='lat'><strong>—</strong></span> <span class='ocrx_word' id='word_1_113' title='bbox 1548 370 1653 392; x_wconf 81' lang='lat' dir='ltr'>Ricbard.</span> <span class='ocrx_word' id='word_1_114' title='bbox 1672 377 1683 393; x_wconf 90' lang='lat' dir='ltr'>a</span> <span class='ocrx_word' id='word_1_115' title='bbox 1702 371 1766 399; x_wconf 67' lang='lat' dir='ltr'>liled.y</span> <span class='ocrx_word' id='word_1_116' title='bbox 1784 372 1820 393; x_wconf 86' lang='grc'><strong>1116</strong></span> <span class='ocrx_word' id='word_1_117' title='bbox 1837 378 1857 394; x_wconf 86' lang='lat' dir='ltr'>a.</span> <span class='ocrx_word' id='word_1_118' title='bbox 1879 373 1896 394; x_wconf 72' lang='grc'>1,</span> 
     </span>
     <span class='ocr_line' id='line_1_12' title="bbox 1053 407 1895 437; baseline 0.002 -7"><span class='ocrx_word' id='word_1_119' title='bbox 1053 414 1074 436; x_wconf 83' lang='lat' dir='ltr'>q.</span> <span class='ocrx_word' id='word_1_120' title='bbox 1097 408 1113 429; x_wconf 96' lang='lat' dir='ltr'>l.</span> <span class='ocrx_word' id='word_1_121' title='bbox 1129 419 1161 423; x_wconf 89' lang='lat'>-—</span> <span class='ocrx_word' id='word_1_122' title='bbox 1178 407 1252 435; x_wconf 61' lang='lat' dir='ltr'>1Egid.</span> <span class='ocrx_word' id='word_1_123' title='bbox 1271 407 1304 434; x_wconf 81' lang='lat' dir='ltr'>R.,</span> <span class='ocrx_word' id='word_1_124' title='bbox 1323 408 1365 429; x_wconf 83' lang='grc'><strong>1116.</strong></span> <span class='ocrx_word' id='word_1_125' title='bbox 1384 408 1404 429; x_wconf 80' lang='lat'>2.</span> <span class='ocrx_word' id='word_1_126' title='bbox 1423 408 1495 435; x_wconf 88' lang='lat' dir='ltr'>princ.</span> <span class='ocrx_word' id='word_1_127' title='bbox 1513 415 1534 436; x_wconf 86' lang='lat' dir='ltr'>q.</span> <span class='ocrx_word' id='word_1_128' title='bbox 1557 409 1574 430; x_wconf 90' lang='lat' dir='ltr'>l.</span> <span class='ocrx_word' id='word_1_129' title='bbox 1591 421 1622 425; x_wconf 96' lang='lat'>—</span> <span class='ocrx_word' id='word_1_130' title='bbox 1639 409 1706 431; x_wconf 81' lang='lat' dir='ltr'>llenr.</span> <span class='ocrx_word' id='word_1_131' title='bbox 1724 410 1804 437; x_wconf 87' lang='lat' dir='ltr'>Gand.‚</span> <span class='ocrx_word' id='word_1_132' title='bbox 1821 417 1841 432; x_wconf 89' lang='lat' dir='ltr'>a.</span> <span class='ocrx_word' id='word_1_133' title='bbox 1859 410 1895 432; x_wconf 72' lang='lat'>59.</span> 
     </span>
     <span class='ocr_line' id='line_1_13' title="bbox 1053 446 1481 476; baseline 0 -8"><span class='ocrx_word' id='word_1_134' title='bbox 1053 454 1076 476; x_wconf 85' lang='lat' dir='ltr'>q.</span> <span class='ocrx_word' id='word_1_135' title='bbox 1095 447 1115 468; x_wconf 68' lang='lat'>⁶2.</span> <span class='ocrx_word' id='word_1_136' title='bbox 1133 447 1234 474; x_wconf 81' lang='lat' dir='ltr'>passim,</span> <span class='ocrx_word' id='word_1_137' title='bbox 1253 447 1387 473; x_wconf 84' lang='lat' dir='ltr'>praesertim</span> <span class='ocrx_word' id='word_1_138' title='bbox 1405 452 1426 468; x_wconf 87' lang='lat' dir='ltr'>n.</span> <span class='ocrx_word' id='word_1_139' title='bbox 1446 446 1481 468; x_wconf 73' lang='grc'>41,</span> 
     </span>
    </p>
   </div>
   <div class='ocr_carea' id='block_1_6' title="bbox 729 560 1310 589">
    <p class='ocr_par' dir='ltr' id='par_1_7' title="bbox 729 560 1310 589">
     <span class='ocr_line' id='line_1_14' title="bbox 729 560 1310 589; baseline 0 -1"><span class='ocrx_word' id='word_1_140' title='bbox 729 560 827 589; x_wconf 68' lang='grc' dir='ltr'>ΒΠΒΙᾹ</span> <span class='ocrx_word' id='word_1_141' title='bbox 849 560 942 588; x_wconf 71' lang='lat' dir='ltr'>ClRCA</span> <span class='ocrx_word' id='word_1_142' title='bbox 964 560 1129 588; x_wconf 73' lang='lat' dir='ltr'>LITTERAM</span> <span class='ocrx_word' id='word_1_143' title='bbox 1150 560 1310 588; x_wconf 66' lang='lat' dir='ltr'>MAGISTRI.</span> 
     </span>
    </p>
   </div>
   <div class='ocr_carea' id='block_1_7' title="bbox 519 682 625 710">
    <p class='ocr_par' dir='ltr' id='par_1_8' title="bbox 519 682 625 710">
     <span class='ocr_line' id='line_1_15' title="bbox 519 682 625 710; baseline 0 -1"><span class='ocrx_word' id='word_1_144' title='bbox 519 682 586 710; x_wconf 73' lang='lat' dir='ltr'>Due.</span> <span class='ocrx_word' id='word_1_145' title='bbox 609 682 625 709; x_wconf 96' lang='grc'>1.</span> 
     </span>
    </p>
   </div>
   <div class='ocr_carea' id='block_1_8' title="bbox 147 775 998 2540">
    <p class='ocr_par' dir='ltr' id='par_1_9' title="bbox 148 775 995 1366">
     <span class='ocr_line' id='line_1_16' title="bbox 186 775 995 814; baseline 0 -11"><span class='ocrx_word' id='word_1_146' title='bbox 186 799 191 803; x_wconf 70' lang='grc'>,</span> <span class='ocrx_word' id='word_1_147' title='bbox 228 777 255 805; x_wconf 88' lang='lat' dir='ltr'>ln</span> <span class='ocrx_word' id='word_1_148' title='bbox 270 781 349 814; x_wconf 85' lang='lat' dir='ltr'>parte</span> <span class='ocrx_word' id='word_1_149' title='bbox 371 776 423 805; x_wconf 89' lang='lat' dir='ltr'>ista</span> <span class='ocrx_word' id='word_1_150' title='bbox 444 779 508 805; x_wconf 90' lang='lat' dir='ltr'>sunt</span> <span class='ocrx_word' id='word_1_151' title='bbox 530 776 716 804; x_wconf 78' lang='lat' dir='ltr'>dubitationes</span> <span class='ocrx_word' id='word_1_152' title='bbox 738 776 811 804; x_wconf 87' lang='lat' dir='ltr'>circa</span> <span class='ocrx_word' id='word_1_153' title='bbox 833 775 953 804; x_wconf 78' lang='lat' dir='ltr'>litteram</span> <span class='ocrx_word' id='word_1_154' title='bbox 969 778 995 803; x_wconf 89' lang='lat' dir='ltr'>et</span> 
     </span>
     <span class='ocr_line' id='line_1_17' title="bbox 149 822 995 861; baseline -0.004 -9"><span class='ocrx_word' id='word_1_155' title='bbox 149 824 241 861; x_wconf 87' lang='lat' dir='ltr'>primo</span> <span class='ocrx_word' id='word_1_156' title='bbox 263 823 297 852; x_wconf 89' lang='lat' dir='ltr'>de</span> <span class='ocrx_word' id='word_1_157' title='bbox 318 823 370 851; x_wconf 87' lang='lat' dir='ltr'>hoc</span> <span class='ocrx_word' id='word_1_158' title='bbox 392 823 466 859; x_wconf 86' lang='lat' dir='ltr'>quod</span> <span class='ocrx_word' id='word_1_159' title='bbox 489 822 569 851; x_wconf 86' lang='lat' dir='ltr'>dicit:</span> <span class='ocrx_word' id='word_1_160' title='bbox 593 822 760 851; x_wconf 76' lang='lat' dir='ltr'>Secundum</span> <span class='ocrx_word' id='word_1_161' title='bbox 781 822 859 860; x_wconf 75' lang='lat' dir='ltr'>qaod</span> <span class='ocrx_word' id='word_1_162' title='bbox 882 822 995 859; x_wconf 78' lang='lat' dir='ltr'>sapien-</span> 
     </span>
     <span class='ocr_line' id='line_1_18' title="bbox 151 868 993 907; baseline -0.004 -8"><span class='ocrx_word' id='word_1_163' title='bbox 151 871 192 899; x_wconf 83' lang='lat' dir='ltr'>tia</span> <span class='ocrx_word' id='word_1_164' title='bbox 207 874 247 898; x_wconf 76' lang='lat' dir='ltr'>est</span> <span class='ocrx_word' id='word_1_165' title='bbox 261 869 394 903; x_wconf 76' lang='lat' dir='ltr'>essentia,</span> <span class='ocrx_word' id='word_1_166' title='bbox 411 868 463 897; x_wconf 85' lang='grc'><strong>1106</strong></span> <span class='ocrx_word' id='word_1_167' title='bbox 478 873 520 897; x_wconf 78' lang='lat' dir='ltr'>est</span> <span class='ocrx_word' id='word_1_168' title='bbox 533 869 610 907; x_wconf 74' lang='lat' dir='ltr'>qztocl</span> <span class='ocrx_word' id='word_1_169' title='bbox 624 869 725 902; x_wconf 80' lang='lat' dir='ltr'>Pater,</span> <span class='ocrx_word' id='word_1_170' title='bbox 740 869 900 897; x_wconf 76' lang='lat' dir='ltr'>seeundum</span> <span class='ocrx_word' id='word_1_171' title='bbox 916 868 993 906; x_wconf 77' lang='lat' dir='ltr'>qaod</span> 
     </span>
     <span class='ocr_line' id='line_1_19' title="bbox 155 914 993 953; baseline -0.002 -8"><span class='ocrx_word' id='word_1_172' title='bbox 155 917 295 950; x_wconf 71' lang='lat' dir='ltr'>Verbum,</span> <span class='ocrx_word' id='word_1_173' title='bbox 316 925 375 944; x_wconf 84' lang='lat' dir='ltr'>non</span> <span class='ocrx_word' id='word_1_174' title='bbox 396 920 438 944; x_wconf 74' lang='lat' dir='ltr'>est</span> <span class='ocrx_word' id='word_1_175' title='bbox 458 915 510 944; x_wconf 82' lang='lat' dir='ltr'>lzoe</span> <span class='ocrx_word' id='word_1_176' title='bbox 539 916 616 953; x_wconf 79' lang='lat' dir='ltr'>qaod</span> <span class='ocrx_word' id='word_1_177' title='bbox 636 916 743 949; x_wconf 82' lang='lat' dir='ltr'>Pater,</span> <span class='ocrx_word' id='word_1_178' title='bbox 773 915 838 952; x_wconf 90' lang='lat' dir='ltr'>quia</span> <span class='ocrx_word' id='word_1_179' title='bbox 866 918 914 943; x_wconf 89' lang='lat' dir='ltr'>aut</span> <span class='ocrx_word' id='word_1_180' title='bbox 942 914 993 943; x_wconf 79' lang='lat' dir='ltr'>ltoc</span> 
     </span>
     <span class='ocr_line' id='line_1_20' title="bbox 149 961 994 998; baseline -0.002 -7"><span class='ocrx_word' id='word_1_181' title='bbox 149 967 261 992; x_wconf 87' lang='lat' dir='ltr'>tenetur</span> <span class='ocrx_word' id='word_1_182' title='bbox 282 962 483 996; x_wconf 73' lang='lat' dir='ltr'>essentialiter,</span> <span class='ocrx_word' id='word_1_183' title='bbox 506 965 554 990; x_wconf 86' lang='lat' dir='ltr'>aut</span> <span class='ocrx_word' id='word_1_184' title='bbox 572 961 775 998; x_wconf 68' lang='lat' dir='ltr'>personaliter.</span> <span class='ocrx_word' id='word_1_185' title='bbox 798 961 823 989; x_wconf 86' lang='lat' dir='ltr'>Si</span> <span class='ocrx_word' id='word_1_186' title='bbox 839 961 994 989; x_wconf 75' lang='lat' dir='ltr'>essentiali-</span> 
     </span>
     <span class='ocr_line' id='line_1_21' title="bbox 150 1008 992 1045; baseline -0.004 -6"><span class='ocrx_word' id='word_1_187' title='bbox 150 1014 202 1044; x_wconf 80' lang='lat' dir='ltr'>ter,</span> <span class='ocrx_word' id='word_1_188' title='bbox 218 1018 272 1038; x_wconf 93' lang='lat' dir='ltr'>non</span> <span class='ocrx_word' id='word_1_189' title='bbox 288 1010 379 1038; x_wconf 89' lang='lat' dir='ltr'>solum</span> <span class='ocrx_word' id='word_1_190' title='bbox 401 1009 556 1038; x_wconf 88' lang='lat' dir='ltr'>secundum</span> <span class='ocrx_word' id='word_1_191' title='bbox 578 1009 652 1045; x_wconf 87' lang='lat' dir='ltr'>quod</span> <span class='ocrx_word' id='word_1_192' title='bbox 673 1008 830 1045; x_wconf 71' lang='lat' dir='ltr'>sapientia,</span> <span class='ocrx_word' id='word_1_193' title='bbox 850 1012 891 1037; x_wconf 85' lang='lat' dir='ltr'>est</span> <span class='ocrx_word' id='word_1_194' title='bbox 906 1016 992 1036; x_wconf 89' lang='lat' dir='ltr'>unum</span> 
     </span>
     <span class='ocr_line' id='line_1_22' title="bbox 148 1055 995 1094; baseline -0.005 -8"><span class='ocrx_word' id='word_1_195' title='bbox 148 1065 199 1094; x_wconf 88' lang='lat' dir='ltr'>per</span> <span class='ocrx_word' id='word_1_196' title='bbox 213 1057 360 1086; x_wconf 82' lang='lat' dir='ltr'>essentiam</span> <span class='ocrx_word' id='word_1_197' title='bbox 376 1065 440 1085; x_wconf 88' lang='lat' dir='ltr'>cum</span> <span class='ocrx_word' id='word_1_198' title='bbox 456 1056 543 1088; x_wconf 77' lang='lat' dir='ltr'>Patre,</span> <span class='ocrx_word' id='word_1_199' title='bbox 558 1056 607 1084; x_wconf 86' lang='lat' dir='ltr'>sed</span> <span class='ocrx_word' id='word_1_200' title='bbox 623 1055 706 1084; x_wconf 87' lang='lat' dir='ltr'>etiam</span> <span class='ocrx_word' id='word_1_201' title='bbox 722 1055 749 1083; x_wconf 93' lang='lat' dir='ltr'>in</span> <span class='ocrx_word' id='word_1_202' title='bbox 774 1058 910 1092; x_wconf 82' lang='lat' dir='ltr'>quantum</span> <span class='ocrx_word' id='word_1_203' title='bbox 933 1055 995 1083; x_wconf 86' lang='lat' dir='ltr'>Ver-</span> 
     </span>
     <span class='ocr_line' id='line_1_23' title="bbox 150 1102 994 1140; baseline -0.004 -8"><span class='ocrx_word' id='word_1_204' title='bbox 150 1104 225 1133; x_wconf 81' lang='lat' dir='ltr'>bam.</span> <span class='ocrx_word' id='word_1_205' title='bbox 248 1104 273 1132; x_wconf 87' lang='lat' dir='ltr'>Si</span> <span class='ocrx_word' id='word_1_206' title='bbox 293 1103 498 1140; x_wconf 70' lang='lat' dir='ltr'>personaliter,</span> <span class='ocrx_word' id='word_1_207' title='bbox 521 1106 586 1131; x_wconf 87' lang='lat' dir='ltr'>tunc</span> <span class='ocrx_word' id='word_1_208' title='bbox 607 1106 648 1131; x_wconf 90' lang='lat' dir='ltr'>est</span> <span class='ocrx_word' id='word_1_209' title='bbox 669 1102 788 1136; x_wconf 82' lang='lat' dir='ltr'>falsum,</span> <span class='ocrx_word' id='word_1_210' title='bbox 803 1102 878 1139; x_wconf 84' lang='lat' dir='ltr'>quod</span> <span class='ocrx_word' id='word_1_211' title='bbox 897 1110 994 1130; x_wconf 74' lang='lat' dir='ltr'>seeun-</span> 
     </span>
     <span class='ocr_line' id='line_1_24' title="bbox 149 1148 995 1188; baseline -0.004 -9"><span class='ocrx_word' id='word_1_212' title='bbox 149 1151 219 1179; x_wconf 83' lang='lat' dir='ltr'>dum</span> <span class='ocrx_word' id='word_1_213' title='bbox 241 1150 318 1188; x_wconf 81' lang='lat' dir='ltr'>quod</span> <span class='ocrx_word' id='word_1_214' title='bbox 337 1150 504 1186; x_wconf 73' lang='lat' dir='ltr'>sapientia,</span> <span class='ocrx_word' id='word_1_215' title='bbox 527 1149 562 1178; x_wconf 84' lang='lat' dir='ltr'>sit</span> <span class='ocrx_word' id='word_1_216' title='bbox 589 1148 641 1177; x_wconf 76' lang='lat' dir='ltr'>lioe</span> <span class='ocrx_word' id='word_1_217' title='bbox 669 1149 744 1186; x_wconf 85' lang='lat' dir='ltr'>quod</span> <span class='ocrx_word' id='word_1_218' title='bbox 766 1149 845 1177; x_wconf 85' lang='lat' dir='ltr'>Pater</span> <span class='ocrx_word' id='word_1_219' title='bbox 867 1157 995 1185; x_wconf 83' lang='lat' dir='ltr'>persona-</span> 
     </span>
     <span class='ocr_line' id='line_1_25' title="bbox 149 1195 995 1232; baseline -0.004 -6"><span class='ocrx_word' id='word_1_220' title='bbox 149 1198 220 1226; x_wconf 87' lang='lat' dir='ltr'>liter.</span> <span class='ocrx_word' id='word_1_221' title='bbox 235 1214 274 1217; x_wconf 97' lang='lat'><strong>—</strong></span> <span class='ocrx_word' id='word_1_222' title='bbox 289 1197 371 1231; x_wconf 75' lang='lat' dir='ltr'>Item,</span> <span class='ocrx_word' id='word_1_223' title='bbox 398 1204 461 1225; x_wconf 88' lang='lat' dir='ltr'>cum</span> <span class='ocrx_word' id='word_1_224' title='bbox 484 1195 535 1224; x_wconf 77' lang='lat' dir='ltr'>boe</span> <span class='ocrx_word' id='word_1_225' title='bbox 556 1196 591 1225; x_wconf 88' lang='lat' dir='ltr'>sit</span> <span class='ocrx_word' id='word_1_226' title='bbox 611 1196 722 1224; x_wconf 71' lang='grc' dir='ltr'>11611111ι</span> <span class='ocrx_word' id='word_1_227' title='bbox 743 1196 866 1232; x_wconf 82' lang='lat' dir='ltr'>generis,</span> <span class='ocrx_word' id='word_1_228' title='bbox 883 1195 995 1223; x_wconf 86' lang='lat' dir='ltr'>videtur</span> 
     </span>
     <span class='ocr_line' id='line_1_26' title="bbox 149 1242 995 1281; baseline -0.004 -9"><span class='ocrx_word' id='word_1_229' title='bbox 149 1244 223 1281; x_wconf 88' lang='lat' dir='ltr'>quod</span> <span class='ocrx_word' id='word_1_230' title='bbox 246 1247 299 1272; x_wconf 88' lang='lat' dir='ltr'>stet</span> <span class='ocrx_word' id='word_1_231' title='bbox 320 1251 370 1280; x_wconf 89' lang='lat' dir='ltr'>pro</span> <span class='ocrx_word' id='word_1_232' title='bbox 391 1242 524 1276; x_wconf 69' lang='lat' dir='ltr'>essentia,</span> <span class='ocrx_word' id='word_1_233' title='bbox 546 1245 573 1271; x_wconf 92' lang='lat' dir='ltr'>et</span> <span class='ocrx_word' id='word_1_234' title='bbox 594 1242 631 1270; x_wconf 87' lang='lat' dir='ltr'>ita</span> <span class='ocrx_word' id='word_1_235' title='bbox 656 1242 779 1271; x_wconf 81' lang='lat' dir='ltr'>Verbum</span> <span class='ocrx_word' id='word_1_236' title='bbox 812 1249 922 1278; x_wconf 78' lang='lat' dir='ltr'>semper</span> <span class='ocrx_word' id='word_1_237' title='bbox 954 1244 995 1270; x_wconf 83' lang='lat' dir='ltr'>est</span> 
     </span>
     <span class='ocr_line' id='line_1_27' title="bbox 149 1288 995 1327; baseline -0.005 -8"><span class='ocrx_word' id='word_1_238' title='bbox 149 1291 201 1319; x_wconf 85' lang='lat' dir='ltr'>hoc</span> <span class='ocrx_word' id='word_1_239' title='bbox 222 1290 296 1327; x_wconf 84' lang='lat' dir='ltr'>quod</span> <span class='ocrx_word' id='word_1_240' title='bbox 326 1290 418 1323; x_wconf 86' lang='lat' dir='ltr'>Pater,</span> <span class='ocrx_word' id='word_1_241' title='bbox 447 1289 552 1318; x_wconf 87' lang='lat' dir='ltr'>scilicet</span> <span class='ocrx_word' id='word_1_242' title='bbox 579 1297 668 1317; x_wconf 89' lang='lat' dir='ltr'>unum</span> <span class='ocrx_word' id='word_1_243' title='bbox 696 1297 747 1326; x_wconf 90' lang='lat' dir='ltr'>per</span> <span class='ocrx_word' id='word_1_244' title='bbox 774 1288 923 1318; x_wconf 85' lang='lat' dir='ltr'>essentiam</span> <span class='ocrx_word' id='word_1_245' title='bbox 951 1288 995 1316; x_wconf 86' lang='lat' dir='ltr'>vel</span> 
     </span>
     <span class='ocr_line' id='line_1_28' title="bbox 149 1337 343 1366; baseline -0.01 0"><span class='ocrx_word' id='word_1_246' title='bbox 149 1337 343 1366; x_wconf 75' lang='lat' dir='ltr'>substantiam.</span> 
     </span>
    </p>

    <p class='ocr_par' dir='ltr' id='par_1_10' title="bbox 147 1381 998 2027">
     <span class='ocr_line' id='line_1_29' title="bbox 229 1381 995 1419; baseline -0.003 -8"><span class='ocrx_word' id='word_1_247' title='bbox 229 1384 404 1412; x_wconf 61' lang='lat' dir='ltr'>Responmzo:</span> <span class='ocrx_word' id='word_1_248' title='bbox 428 1382 597 1416; x_wconf 87' lang='lat' dir='ltr'>Dicendum,</span> <span class='ocrx_word' id='word_1_249' title='bbox 620 1382 695 1418; x_wconf 89' lang='lat' dir='ltr'>quod</span> <span class='ocrx_word' id='word_1_250' title='bbox 724 1381 775 1410; x_wconf 83' lang='grc'><strong>11116</strong></span> <span class='ocrx_word' id='word_1_251' title='bbox 797 1385 850 1410; x_wconf 87' lang='lat' dir='ltr'>stat</span> <span class='ocrx_word' id='word_1_252' title='bbox 879 1382 914 1410; x_wconf 92' lang='lat' dir='ltr'>ibi</span> <span class='ocrx_word' id='word_1_253' title='bbox 944 1390 995 1419; x_wconf 81' lang='lat' dir='ltr'>pro</span> 
     </span>
     <span class='ocr_line' id='line_1_30' title="bbox 149 1429 994 1468; baseline -0.004 -9"><span class='ocrx_word' id='word_1_254' title='bbox 149 1430 302 1468; x_wconf 84' lang='lat' dir='ltr'>significato</span> <span class='ocrx_word' id='word_1_255' title='bbox 318 1429 444 1464; x_wconf 88' lang='lat' dir='ltr'>termini,</span> <span class='ocrx_word' id='word_1_256' title='bbox 459 1432 490 1457; x_wconf 90' lang='lat' dir='ltr'>ut</span> <span class='ocrx_word' id='word_1_257' title='bbox 505 1429 540 1457; x_wconf 81' lang='lat' dir='ltr'>sit</span> <span class='ocrx_word' id='word_1_258' title='bbox 555 1437 668 1457; x_wconf 88' lang='lat' dir='ltr'>sensus:</span> <span class='ocrx_word' id='word_1_259' title='bbox 684 1429 824 1463; x_wconf 86' lang='lat' dir='ltr'>Verbum,</span> <span class='ocrx_word' id='word_1_260' title='bbox 840 1429 994 1457; x_wconf 83' lang='lat' dir='ltr'>secundum</span> 
     </span>
     <span class='ocr_line' id='line_1_31' title="bbox 149 1475 995 1513; baseline -0.002 -8"><span class='ocrx_word' id='word_1_261' title='bbox 149 1477 224 1513; x_wconf 87' lang='lat' dir='ltr'>quod</span> <span class='ocrx_word' id='word_1_262' title='bbox 246 1475 402 1513; x_wconf 71' lang='lat' dir='ltr'>sapientia,</span> <span class='ocrx_word' id='word_1_263' title='bbox 425 1476 477 1504; x_wconf 89' lang='lat' dir='ltr'>hoc</span> <span class='ocrx_word' id='word_1_264' title='bbox 492 1479 533 1504; x_wconf 90' lang='lat' dir='ltr'>est</span> <span class='ocrx_word' id='word_1_265' title='bbox 548 1475 623 1512; x_wconf 86' lang='lat' dir='ltr'>quod</span> <span class='ocrx_word' id='word_1_266' title='bbox 640 1475 734 1510; x_wconf 67' lang='lat' dir='ltr'>Pater,</span> <span class='ocrx_word' id='word_1_267' title='bbox 752 1475 818 1512; x_wconf 87' lang='lat' dir='ltr'>quia</span> <span class='ocrx_word' id='word_1_268' title='bbox 840 1475 995 1503; x_wconf 83' lang='lat' dir='ltr'>secundum</span> 
     </span>
     <span class='ocr_line' id='line_1_32' title="bbox 149 1522 995 1560; baseline -0.004 -8"><span class='ocrx_word' id='word_1_269' title='bbox 149 1523 223 1560; x_wconf 86' lang='lat' dir='ltr'>quod</span> <span class='ocrx_word' id='word_1_270' title='bbox 246 1523 395 1559; x_wconf 81' lang='lat' dir='ltr'>sapientia,</span> <span class='ocrx_word' id='word_1_271' title='bbox 417 1522 523 1559; x_wconf 87' lang='lat' dir='ltr'>aliquid</span> <span class='ocrx_word' id='word_1_272' title='bbox 549 1522 571 1550; x_wconf 89' lang='lat' dir='ltr'>ei</span> <span class='ocrx_word' id='word_1_273' title='bbox 602 1522 780 1556; x_wconf 78' lang='lat' dir='ltr'>attribuitur,</span> <span class='ocrx_word' id='word_1_274' title='bbox 806 1522 880 1559; x_wconf 86' lang='lat' dir='ltr'>quod</span> <span class='ocrx_word' id='word_1_275' title='bbox 913 1522 995 1550; x_wconf 85' lang='lat' dir='ltr'>etiam</span> 
     </span>
     <span class='ocr_line' id='line_1_33' title="bbox 149 1568 995 1605; baseline -0.002 -7"><span class='ocrx_word' id='word_1_276' title='bbox 149 1569 238 1603; x_wconf 88' lang='lat' dir='ltr'>Patri,</span> <span class='ocrx_word' id='word_1_277' title='bbox 261 1569 364 1598; x_wconf 89' lang='lat' dir='ltr'>scilicet</span> <span class='ocrx_word' id='word_1_278' title='bbox 385 1569 571 1605; x_wconf 82' lang='lat' dir='ltr'>significatum</span> <span class='ocrx_word' id='word_1_279' title='bbox 594 1569 679 1597; x_wconf 89' lang='lat' dir='ltr'>huius</span> <span class='ocrx_word' id='word_1_280' title='bbox 700 1569 820 1597; x_wconf 87' lang='lat' dir='ltr'>nominis</span> <span class='ocrx_word' id='word_1_281' title='bbox 841 1568 995 1605; x_wconf 62' lang='lat' dir='ltr'>¹rapientia.</span> 
     </span>
     <span class='ocr_line' id='line_1_34' title="bbox 150 1616 995 1654; baseline -0.001 -8"><span class='ocrx_word' id='word_1_282' title='bbox 150 1618 281 1647; x_wconf 84' lang='lat' dir='ltr'>Similiter</span> <span class='ocrx_word' id='word_1_283' title='bbox 313 1618 401 1646; x_wconf 86' lang='lat' dir='ltr'>altera</span> <span class='ocrx_word' id='word_1_284' title='bbox 432 1620 473 1645; x_wconf 90' lang='lat' dir='ltr'>est</span> <span class='ocrx_word' id='word_1_285' title='bbox 504 1625 585 1645; x_wconf 85' lang='lat' dir='ltr'>vera:</span> <span class='ocrx_word' id='word_1_286' title='bbox 618 1616 711 1650; x_wconf 87' lang='lat' dir='ltr'>Filius,</span> <span class='ocrx_word' id='word_1_287' title='bbox 733 1617 887 1645; x_wconf 89' lang='lat' dir='ltr'>secundum</span> <span class='ocrx_word' id='word_1_288' title='bbox 920 1617 995 1654; x_wconf 89' lang='lat' dir='ltr'>quod</span> 
     </span>
     <span class='ocr_line' id='line_1_35' title="bbox 154 1663 997 1701; baseline -0.002 -8"><span class='ocrx_word' id='word_1_289' title='bbox 154 1665 288 1698; x_wconf 78' lang='lat' dir='ltr'>Verbum,</span> <span class='ocrx_word' id='word_1_290' title='bbox 304 1673 356 1692; x_wconf 91' lang='lat' dir='ltr'>non</span> <span class='ocrx_word' id='word_1_291' title='bbox 373 1667 415 1692; x_wconf 90' lang='lat' dir='ltr'>est</span> <span class='ocrx_word' id='word_1_292' title='bbox 436 1664 488 1692; x_wconf 88' lang='grc'><strong>1106</strong></span> <span class='ocrx_word' id='word_1_293' title='bbox 509 1664 584 1701; x_wconf 87' lang='lat' dir='ltr'>quod</span> <span class='ocrx_word' id='word_1_294' title='bbox 607 1664 694 1697; x_wconf 77' lang='lat' dir='ltr'>Pater,</span> <span class='ocrx_word' id='word_1_295' title='bbox 716 1664 781 1700; x_wconf 88' lang='lat' dir='ltr'>quia</span> <span class='ocrx_word' id='word_1_296' title='bbox 799 1663 905 1700; x_wconf 82' lang='lat' dir='ltr'>aliquid</span> <span class='ocrx_word' id='word_1_297' title='bbox 920 1663 997 1692; x_wconf 88' lang='lat' dir='ltr'>attri-</span> 
     </span>
     <span class='ocr_line' id='line_1_36' title="bbox 148 1710 995 1747; baseline -0.001 -7"><span class='ocrx_word' id='word_1_298' title='bbox 148 1712 245 1740; x_wconf 84' lang='lat' dir='ltr'>buitur</span> <span class='ocrx_word' id='word_1_299' title='bbox 267 1711 351 1745; x_wconf 85' lang='lat' dir='ltr'>Filio,</span> <span class='ocrx_word' id='word_1_300' title='bbox 377 1711 531 1739; x_wconf 86' lang='lat' dir='ltr'>secundum</span> <span class='ocrx_word' id='word_1_301' title='bbox 564 1710 639 1747; x_wconf 85' lang='lat' dir='ltr'>quod</span> <span class='ocrx_word' id='word_1_302' title='bbox 673 1711 810 1744; x_wconf 86' lang='lat' dir='ltr'>Verbum,</span> <span class='ocrx_word' id='word_1_303' title='bbox 840 1711 915 1747; x_wconf 81' lang='lat' dir='ltr'>quod</span> <span class='ocrx_word' id='word_1_304' title='bbox 942 1719 995 1739; x_wconf 93' lang='lat' dir='ltr'>non</span> 
     </span>
     <span class='ocr_line' id='line_1_37' title="bbox 149 1757 998 1788; baseline -0.001 -1"><span class='ocrx_word' id='word_1_305' title='bbox 149 1759 276 1788; x_wconf 89' lang='lat' dir='ltr'>convenit</span> <span class='ocrx_word' id='word_1_306' title='bbox 298 1758 379 1786; x_wconf 84' lang='lat' dir='ltr'>Patri.</span> <span class='ocrx_word' id='word_1_307' title='bbox 410 1758 485 1786; x_wconf 84' lang='lat' dir='ltr'>Unde</span> <span class='ocrx_word' id='word_1_308' title='bbox 505 1757 666 1785; x_wconf 78' lang='lat' dir='ltr'>secandam</span> <span class='ocrx_word' id='word_1_309' title='bbox 695 1757 761 1786; x_wconf 85' lang='lat' dir='ltr'>dicit</span> <span class='ocrx_word' id='word_1_310' title='bbox 792 1757 829 1785; x_wconf 93' lang='lat' dir='ltr'>ibi</span> <span class='ocrx_word' id='word_1_311' title='bbox 858 1757 998 1786; x_wconf 86' lang='lat' dir='ltr'>habitudi-</span> 
     </span>
     <span class='ocr_line' id='line_1_38' title="bbox 149 1803 998 1841; baseline 0 -9"><span class='ocrx_word' id='word_1_312' title='bbox 149 1812 212 1833; x_wconf 87' lang='lat' dir='ltr'>nem</span> <span class='ocrx_word' id='word_1_313' title='bbox 235 1804 287 1833; x_wconf 88' lang='lat' dir='ltr'>sub</span> <span class='ocrx_word' id='word_1_314' title='bbox 309 1804 416 1832; x_wconf 86' lang='lat' dir='ltr'>ratione</span> <span class='ocrx_word' id='word_1_315' title='bbox 438 1804 564 1838; x_wconf 85' lang='lat' dir='ltr'>formali,</span> <span class='ocrx_word' id='word_1_316' title='bbox 586 1807 613 1832; x_wconf 85' lang='lat' dir='ltr'>et</span> <span class='ocrx_word' id='word_1_317' title='bbox 627 1812 780 1840; x_wconf 85' lang='lat' dir='ltr'>pronomen</span> <span class='ocrx_word' id='word_1_318' title='bbox 796 1803 847 1832; x_wconf 76' lang='lat' dir='ltr'>boe</span> <span class='ocrx_word' id='word_1_319' title='bbox 867 1805 998 1841; x_wconf 82' lang='lat' dir='ltr'>importat</span> 
     </span>
     <span class='ocr_line' id='line_1_39' title="bbox 147 1851 997 1888; baseline -0.001 -8"><span class='ocrx_word' id='word_1_320' title='bbox 147 1854 175 1880; x_wconf 86' lang='lat' dir='ltr'>et</span> <span class='ocrx_word' id='word_1_321' title='bbox 189 1851 361 1880; x_wconf 84' lang='lat' dir='ltr'>demonstrat</span> <span class='ocrx_word' id='word_1_322' title='bbox 377 1851 522 1888; x_wconf 90' lang='lat' dir='ltr'>proprium</span> <span class='ocrx_word' id='word_1_323' title='bbox 539 1851 725 1887; x_wconf 81' lang='lat' dir='ltr'>significatum</span> <span class='ocrx_word' id='word_1_324' title='bbox 740 1851 851 1879; x_wconf 82' lang='lat' dir='ltr'>termini</span> <span class='ocrx_word' id='word_1_325' title='bbox 864 1862 870 1885; x_wconf 69' lang='grc' dir='ltr'><strong>ς</strong></span> <span class='ocrx_word' id='word_1_326' title='bbox 886 1854 913 1880; x_wconf 90' lang='lat' dir='ltr'>et</span> <span class='ocrx_word' id='word_1_327' title='bbox 927 1851 997 1885; x_wconf 84' lang='lat' dir='ltr'>ideo,</span> 
     </span>
     <span class='ocr_line' id='line_1_40' title="bbox 148 1897 997 1935; baseline 0 -10"><span class='ocrx_word' id='word_1_328' title='bbox 148 1898 214 1935; x_wconf 84' lang='lat' dir='ltr'>quia</span> <span class='ocrx_word' id='word_1_329' title='bbox 233 1897 379 1934; x_wconf 78' lang='lat' dir='ltr'>sapientia</span> <span class='ocrx_word' id='word_1_330' title='bbox 401 1897 537 1934; x_wconf 83' lang='lat' dir='ltr'>significat</span> <span class='ocrx_word' id='word_1_331' title='bbox 557 1897 722 1931; x_wconf 71' lang='lat' dir='ltr'>essentiale,</span> <span class='ocrx_word' id='word_1_332' title='bbox 738 1900 848 1926; x_wconf 84' lang='lat' dir='ltr'>tenetur</span> <span class='ocrx_word' id='word_1_333' title='bbox 864 1898 891 1925; x_wconf 93' lang='lat' dir='ltr'>in</span> <span class='ocrx_word' id='word_1_334' title='bbox 906 1898 997 1934; x_wconf 89' lang='lat' dir='ltr'>prima</span> 
     </span>
     <span class='ocr_line' id='line_1_41' title="bbox 148 1944 996 1981; baseline -0.002 -7"><span class='ocrx_word' id='word_1_335' title='bbox 148 1945 350 1978; x_wconf 64' lang='lat' dir='ltr'>essentialiter,</span> <span class='ocrx_word' id='word_1_336' title='bbox 372 1944 438 1981; x_wconf 87' lang='lat' dir='ltr'>quia</span> <span class='ocrx_word' id='word_1_337' title='bbox 459 1944 645 1981; x_wconf 84' lang='lat' dir='ltr'>significatum</span> <span class='ocrx_word' id='word_1_338' title='bbox 673 1944 757 1972; x_wconf 80' lang='lat' dir='ltr'>Verbi</span> <span class='ocrx_word' id='word_1_339' title='bbox 777 1947 818 1973; x_wconf 88' lang='lat' dir='ltr'>est</span> <span class='ocrx_word' id='word_1_340' title='bbox 835 1944 996 1981; x_wconf 80' lang='lat' dir='ltr'>personale,</span> 
     </span>
     <span class='ocr_line' id='line_1_42' title="bbox 149 1990 662 2027; baseline -0.002 -8"><span class='ocrx_word' id='word_1_341' title='bbox 149 1994 260 2019; x_wconf 89' lang='lat' dir='ltr'>tenetur</span> <span class='ocrx_word' id='word_1_342' title='bbox 283 1991 309 2018; x_wconf 92' lang='lat' dir='ltr'>in</span> <span class='ocrx_word' id='word_1_343' title='bbox 332 1990 455 2019; x_wconf 87' lang='lat' dir='ltr'>secunda</span> <span class='ocrx_word' id='word_1_344' title='bbox 470 1990 662 2027; x_wconf 82' lang='lat' dir='ltr'>personaliter.</span> 
     </span>
    </p>

    <p class='ocr_par' dir='ltr' id='par_1_11' title="bbox 149 2037 998 2540">
     <span class='ocr_line' id='line_1_43' title="bbox 236 2037 997 2073; baseline 0 -8"><span class='ocrx_word' id='word_1_345' title='bbox 236 2037 280 2065; x_wconf 84' lang='lat' dir='ltr'>Vel</span> <span class='ocrx_word' id='word_1_346' title='bbox 300 2037 386 2065; x_wconf 83' lang='lat' dir='ltr'>aliter</span> <span class='ocrx_word' id='word_1_347' title='bbox 407 2040 497 2073; x_wconf 84' lang='lat' dir='ltr'>potest</span> <span class='ocrx_word' id='word_1_348' title='bbox 519 2037 588 2071; x_wconf 85' lang='lat' dir='ltr'>dici,</span> <span class='ocrx_word' id='word_1_349' title='bbox 610 2037 685 2073; x_wconf 91' lang='lat' dir='ltr'>quod</span> <span class='ocrx_word' id='word_1_350' title='bbox 713 2040 821 2066; x_wconf 87' lang='lat' dir='ltr'>tenetur</span> <span class='ocrx_word' id='word_1_351' title='bbox 847 2037 997 2066; x_wconf 84' lang='lat' dir='ltr'>essentiali-</span> 
     </span>
     <span class='ocr_line' id='line_1_44' title="bbox 150 2084 998 2121; baseline -0.002 -8"><span class='ocrx_word' id='word_1_352' title='bbox 150 2087 209 2119; x_wconf 83' lang='lat' dir='ltr'>ter,</span> <span class='ocrx_word' id='word_1_353' title='bbox 230 2087 257 2112; x_wconf 87' lang='lat' dir='ltr'>et</span> <span class='ocrx_word' id='word_1_354' title='bbox 277 2084 438 2112; x_wconf 75' lang='lat' dir='ltr'>secundnm</span> <span class='ocrx_word' id='word_1_355' title='bbox 459 2084 536 2121; x_wconf 77' lang='lat' dir='ltr'>qaod</span> <span class='ocrx_word' id='word_1_356' title='bbox 555 2084 622 2112; x_wconf 86' lang='lat' dir='ltr'>dicit</span> <span class='ocrx_word' id='word_1_357' title='bbox 643 2084 835 2112; x_wconf 80' lang='lat' dir='ltr'>habitudinem</span> <span class='ocrx_word' id='word_1_358' title='bbox 867 2092 918 2120; x_wconf 90' lang='lat' dir='ltr'>per</span> <span class='ocrx_word' id='word_1_359' title='bbox 943 2091 998 2112; x_wconf 89' lang='grc'><strong>010-</strong></span> 
     </span>
     <span class='ocr_line' id='line_1_45' title="bbox 150 2130 998 2164; baseline -0.002 -5"><span class='ocrx_word' id='word_1_360' title='bbox 150 2131 219 2159; x_wconf 90' lang='lat' dir='ltr'>dum</span> <span class='ocrx_word' id='word_1_361' title='bbox 240 2130 380 2164; x_wconf 80' lang='lat' dir='ltr'>formalis3</span> <span class='ocrx_word' id='word_1_362' title='bbox 401 2130 476 2158; x_wconf 89' lang='lat' dir='ltr'>unde</span> <span class='ocrx_word' id='word_1_363' title='bbox 498 2130 569 2158; x_wconf 87' lang='lat' dir='ltr'>sicut</span> <span class='ocrx_word' id='word_1_364' title='bbox 583 2130 637 2158; x_wconf 86' lang='lat' dir='ltr'>alio</span> <span class='ocrx_word' id='word_1_365' title='bbox 651 2133 693 2158; x_wconf 88' lang='lat' dir='ltr'>est</span> <span class='ocrx_word' id='word_1_366' title='bbox 714 2130 806 2164; x_wconf 87' lang='lat' dir='ltr'>Deus,</span> <span class='ocrx_word' id='word_1_367' title='bbox 828 2130 882 2158; x_wconf 88' lang='lat' dir='ltr'>alio</span> <span class='ocrx_word' id='word_1_368' title='bbox 896 2133 938 2159; x_wconf 85' lang='lat' dir='ltr'>est</span> <span class='ocrx_word' id='word_1_369' title='bbox 953 2130 998 2158; x_wconf 84' lang='lat' dir='ltr'>Pa-</span> 
     </span>
     <span class='ocr_line' id='line_1_46' title="bbox 153 2176 998 2213; baseline 0 -9"><span class='ocrx_word' id='word_1_370' title='bbox 153 2180 194 2205; x_wconf 89' lang='lat' dir='ltr'>ter</span> <span class='ocrx_word' id='word_1_371' title='bbox 214 2193 253 2196; x_wconf 89' lang='lat'>—</span> <span class='ocrx_word' id='word_1_372' title='bbox 274 2176 336 2213; x_wconf 85' lang='lat' dir='ltr'>quia</span> <span class='ocrx_word' id='word_1_373' title='bbox 361 2176 462 2205; x_wconf 84' lang='lat' dir='ltr'>deitate</span> <span class='ocrx_word' id='word_1_374' title='bbox 483 2179 525 2205; x_wconf 90' lang='lat' dir='ltr'>est</span> <span class='ocrx_word' id='word_1_375' title='bbox 547 2177 630 2211; x_wconf 83' lang='lat' dir='ltr'>Deus,</span> <span class='ocrx_word' id='word_1_376' title='bbox 650 2176 816 2213; x_wconf 86' lang='lat' dir='ltr'>paternitate</span> <span class='ocrx_word' id='word_1_377' title='bbox 838 2177 917 2205; x_wconf 86' lang='lat' dir='ltr'>Pater</span> <span class='ocrx_word' id='word_1_378' title='bbox 928 2177 945 2211; x_wconf 73' lang='lat'>²,</span> <span class='ocrx_word' id='word_1_379' title='bbox 961 2178 998 2205; x_wconf 81' lang='lat' dir='ltr'>ita</span> 
     </span>
     <span class='ocr_line' id='line_1_47' title="bbox 150 2223 997 2261; baseline 0 -9"><span class='ocrx_word' id='word_1_380' title='bbox 150 2224 225 2261; x_wconf 86' lang='lat' dir='ltr'>quod</span> <span class='ocrx_word' id='word_1_381' title='bbox 247 2231 297 2252; x_wconf 90' lang='lat' dir='ltr'>nec</span> <span class='ocrx_word' id='word_1_382' title='bbox 318 2223 484 2260; x_wconf 83' lang='lat' dir='ltr'>paternitate</span> <span class='ocrx_word' id='word_1_383' title='bbox 504 2223 594 2258; x_wconf 87' lang='lat' dir='ltr'>Deus,</span> <span class='ocrx_word' id='word_1_384' title='bbox 616 2231 666 2252; x_wconf 86' lang='lat' dir='ltr'>nec</span> <span class='ocrx_word' id='word_1_385' title='bbox 687 2224 788 2252; x_wconf 85' lang='lat' dir='ltr'>deitate</span> <span class='ocrx_word' id='word_1_386' title='bbox 809 2224 889 2252; x_wconf 86' lang='lat' dir='ltr'>Pater</span> <span class='ocrx_word' id='word_1_387' title='bbox 902 2241 942 2244; x_wconf 92' lang='lat'>—</span> <span class='ocrx_word' id='word_1_388' title='bbox 960 2225 997 2253; x_wconf 83' lang='lat' dir='ltr'>ita</span> 
     </span>
     <span class='ocr_line' id='line_1_48' title="bbox 150 2270 997 2308; baseline -0.001 -9"><span class='ocrx_word' id='word_1_389' title='bbox 150 2270 250 2306; x_wconf 86' lang='lat' dir='ltr'>accipit</span> <span class='ocrx_word' id='word_1_390' title='bbox 269 2270 455 2307; x_wconf 79' lang='lat' dir='ltr'>Augustinus,</span> <span class='ocrx_word' id='word_1_391' title='bbox 478 2278 542 2298; x_wconf 91' lang='lat' dir='ltr'>cum</span> <span class='ocrx_word' id='word_1_392' title='bbox 564 2270 644 2298; x_wconf 86' lang='lat' dir='ltr'>dicit:</span> <span class='ocrx_word' id='word_1_393' title='bbox 667 2270 821 2298; x_wconf 88' lang='lat' dir='ltr'>secundum</span> <span class='ocrx_word' id='word_1_394' title='bbox 838 2270 913 2308; x_wconf 87' lang='lat' dir='ltr'>quod</span> <span class='ocrx_word' id='word_1_395' title='bbox 935 2271 997 2298; x_wconf 88' lang='lat' dir='ltr'>Ver-</span> 
     </span>
     <span class='ocr_line' id='line_1_49' title="bbox 152 2316 997 2354; baseline 0.001 -10"><span class='ocrx_word' id='word_1_396' title='bbox 152 2316 229 2350; x_wconf 79' lang='lat' dir='ltr'>bum,</span> <span class='ocrx_word' id='word_1_397' title='bbox 245 2325 300 2345; x_wconf 87' lang='lat' dir='ltr'>non</span> <span class='ocrx_word' id='word_1_398' title='bbox 316 2319 358 2345; x_wconf 90' lang='lat' dir='ltr'>est</span> <span class='ocrx_word' id='word_1_399' title='bbox 378 2317 431 2345; x_wconf 85' lang='lat' dir='ltr'>hoc</span> <span class='ocrx_word' id='word_1_400' title='bbox 452 2316 527 2354; x_wconf 90' lang='lat' dir='ltr'>quod</span> <span class='ocrx_word' id='word_1_401' title='bbox 549 2317 640 2345; x_wconf 83' lang='lat' dir='ltr'>Pater</span> <span class='ocrx_word' id='word_1_402' title='bbox 651 2317 669 2351; x_wconf 78' lang='lat'>³,</span> <span class='ocrx_word' id='word_1_403' title='bbox 691 2320 790 2345; x_wconf 90' lang='lat' dir='ltr'>utnon</span> <span class='ocrx_word' id='word_1_404' title='bbox 807 2320 924 2354; x_wconf 80' lang='lat' dir='ltr'>negetur</span> <span class='ocrx_word' id='word_1_405' title='bbox 939 2317 997 2345; x_wconf 90' lang='lat' dir='ltr'>uni-</span> 
     </span>
     <span class='ocr_line' id='line_1_50' title="bbox 149 2363 995 2401; baseline 0.001 -10"><span class='ocrx_word' id='word_1_406' title='bbox 149 2366 192 2391; x_wconf 88' lang='lat' dir='ltr'>tas</span> <span class='ocrx_word' id='word_1_407' title='bbox 213 2364 241 2391; x_wconf 91' lang='lat' dir='ltr'>in</span> <span class='ocrx_word' id='word_1_408' title='bbox 262 2366 377 2397; x_wconf 83' lang='lat' dir='ltr'>natura,</span> <span class='ocrx_word' id='word_1_409' title='bbox 399 2363 448 2391; x_wconf 88' lang='lat' dir='ltr'>sed</span> <span class='ocrx_word' id='word_1_410' title='bbox 469 2366 500 2391; x_wconf 90' lang='lat' dir='ltr'>ut</span> <span class='ocrx_word' id='word_1_411' title='bbox 521 2366 638 2400; x_wconf 82' lang='lat' dir='ltr'>negetur</span> <span class='ocrx_word' id='word_1_412' title='bbox 669 2364 804 2392; x_wconf 90' lang='lat' dir='ltr'>habitudo</span> <span class='ocrx_word' id='word_1_413' title='bbox 831 2364 892 2392; x_wconf 87' lang='lat' dir='ltr'>eius</span> <span class='ocrx_word' id='word_1_414' title='bbox 921 2364 995 2401; x_wconf 85' lang='lat' dir='ltr'>quod</span> 
     </span>
     <span class='ocr_line' id='line_1_51' title="bbox 149 2410 995 2448; baseline 0.001 -10"><span class='ocrx_word' id='word_1_415' title='bbox 149 2413 191 2438; x_wconf 87' lang='lat' dir='ltr'>est</span> <span class='ocrx_word' id='word_1_416' title='bbox 210 2410 393 2443; x_wconf 48' lang='lat' dir='ltr'>secundumn</span> <span class='ocrx_word' id='word_1_417' title='bbox 414 2410 479 2447; x_wconf 87' lang='lat' dir='ltr'>quia</span> <span class='ocrx_word' id='word_1_418' title='bbox 500 2410 638 2445; x_wconf 83' lang='lat' dir='ltr'>Verbum,</span> <span class='ocrx_word' id='word_1_419' title='bbox 654 2411 680 2439; x_wconf 91' lang='lat' dir='ltr'>in</span> <span class='ocrx_word' id='word_1_420' title='bbox 697 2415 834 2448; x_wconf 85' lang='lat' dir='ltr'>quantum</span> <span class='ocrx_word' id='word_1_421' title='bbox 857 2411 974 2440; x_wconf 89' lang='lat' dir='ltr'>verbum</span> <span class='ocrx_word' id='word_1_422' title='bbox 989 2434 995 2445; x_wconf 84' lang='lat'>,</span> 
     </span>
     <span class='ocr_line' id='line_1_52' title="bbox 149 2450 997 2494; baseline 0.002 -10"><span class='ocrx_word' id='word_1_423' title='bbox 149 2464 204 2484; x_wconf 89' lang='lat' dir='ltr'>non</span> <span class='ocrx_word' id='word_1_424' title='bbox 226 2456 291 2485; x_wconf 87' lang='lat' dir='ltr'>dicit</span> <span class='ocrx_word' id='word_1_425' title='bbox 312 2457 447 2485; x_wconf 85' lang='lat' dir='ltr'>unitatem</span> <span class='ocrx_word' id='word_1_426' title='bbox 468 2450 622 2491; x_wconf 83' lang='lat' dir='ltr'>essentiae,</span> <span class='ocrx_word' id='word_1_427' title='bbox 645 2457 693 2486; x_wconf 87' lang='lat' dir='ltr'>sed</span> <span class='ocrx_word' id='word_1_428' title='bbox 715 2457 921 2486; x_wconf 78' lang='lat' dir='ltr'>distinctionem</span> <span class='ocrx_word' id='word_1_429' title='bbox 936 2465 997 2494; x_wconf 87' lang='lat' dir='ltr'>per-</span> 
     </span>
     <span class='ocr_line' id='line_1_53' title="bbox 151 2503 546 2540; baseline 0 -9"><span class='ocrx_word' id='word_1_430' title='bbox 151 2510 249 2537; x_wconf 87' lang='lat' dir='ltr'>sonae,</span> <span class='ocrx_word' id='word_1_431' title='bbox 270 2507 382 2532; x_wconf 86' lang='lat' dir='ltr'>econtra</span> <span class='ocrx_word' id='word_1_432' title='bbox 404 2503 546 2540; x_wconf 87' lang='lat' dir='ltr'>sapientia.</span> 
     </span>
    </p>
   </div>
   <div class='ocr_carea' id='block_1_9' title="bbox 1023 681 1027 2536">
    <p class='ocr_par' dir='ltr' id='par_1_12' title="bbox 1023 681 1027 2536">
     <span class='ocr_line' id='line_1_54' title="bbox 1023 681 1027 2536; baseline 0 0"><span class='ocrx_word' id='word_1_433' title='bbox 1023 681 1027 2536; x_wconf 95' lang='lat' dir='ltr'> </span> 
     </span>
    </p>
   </div>
   <div class='ocr_carea' id='block_1_10' title="bbox 1415 681 1534 709">
    <p class='ocr_par' dir='ltr' id='par_1_13' title="bbox 1415 681 1534 709">
     <span class='ocr_line' id='line_1_55' title="bbox 1415 681 1534 709; baseline -0.008 0"><span class='ocrx_word' id='word_1_434' title='bbox 1415 681 1483 709; x_wconf 69' lang='lat' dir='ltr'>Dim,</span> <span class='ocrx_word' id='word_1_435' title='bbox 1505 681 1534 709; x_wconf 90' lang='grc'>11.</span> 
     </span>
    </p>
   </div>
   <div class='ocr_carea' id='block_1_11' title="bbox 1047 774 1901 2020">
    <p class='ocr_par' dir='ltr' id='par_1_14' title="bbox 1047 774 1901 953">
     <span class='ocr_line' id='line_1_56' title="bbox 1131 774 1899 812; baseline 0.001 -10"><span class='ocrx_word' id='word_1_436' title='bbox 1131 775 1196 803; x_wconf 86' lang='lat' dir='ltr'>[tem</span> <span class='ocrx_word' id='word_1_437' title='bbox 1219 775 1365 812; x_wconf 88' lang='lat' dir='ltr'>quaeritur</span> <span class='ocrx_word' id='word_1_438' title='bbox 1387 775 1422 803; x_wconf 89' lang='lat' dir='ltr'>de</span> <span class='ocrx_word' id='word_1_439' title='bbox 1443 775 1495 803; x_wconf 87' lang='lat' dir='ltr'>hoc</span> <span class='ocrx_word' id='word_1_440' title='bbox 1516 774 1592 811; x_wconf 85' lang='lat' dir='ltr'>quod</span> <span class='ocrx_word' id='word_1_441' title='bbox 1614 775 1690 803; x_wconf 88' lang='lat' dir='ltr'>dicit:</span> <span class='ocrx_word' id='word_1_442' title='bbox 1713 775 1821 803; x_wconf 81' lang='lat' dir='ltr'>Eadem</span> <span class='ocrx_word' id='word_1_443' title='bbox 1834 784 1899 812; x_wconf 83' lang='lat' dir='ltr'>pro-</span> 
     </span>
     <span class='ocr_line' id='line_1_57' title="bbox 1047 821 1901 859; baseline 0.001 -10"><span class='ocrx_word' id='word_1_444' title='bbox 1047 821 1172 858; x_wconf 81' lang='lat' dir='ltr'>prietate</span> <span class='ocrx_word' id='word_1_445' title='bbox 1192 821 1252 850; x_wconf 75' lang='lat' dir='ltr'>sive</span> <span class='ocrx_word' id='word_1_446' title='bbox 1273 822 1388 849; x_wconf 83' lang='lat' dir='ltr'>notione</span> <span class='ocrx_word' id='word_1_447' title='bbox 1409 821 1519 849; x_wconf 74' lang='lat' dir='ltr'>(licitur</span> <span class='ocrx_word' id='word_1_448' title='bbox 1541 821 1675 855; x_wconf 78' lang='lat' dir='ltr'>verbum,</span> <span class='ocrx_word' id='word_1_449' title='bbox 1698 822 1796 859; x_wconf 68' lang='lat' dir='ltr'>imayo</span> <span class='ocrx_word' id='word_1_450' title='bbox 1818 826 1842 850; x_wconf 90' lang='lat' dir='ltr'>et</span> <span class='ocrx_word' id='word_1_451' title='bbox 1869 821 1901 859; x_wconf 80' lang='lat' dir='ltr'>si-</span> 
     </span>
     <span class='ocr_line' id='line_1_58' title="bbox 1051 868 1898 906; baseline 0 -10"><span class='ocrx_word' id='word_1_452' title='bbox 1051 868 1108 896; x_wconf 75' lang='lat' dir='ltr'>lias</span> <span class='ocrx_word' id='word_1_453' title='bbox 1119 878 1129 901; x_wconf 89' lang='lat'>,·</span> <span class='ocrx_word' id='word_1_454' title='bbox 1151 868 1216 904; x_wconf 83' lang='lat' dir='ltr'>quia</span> <span class='ocrx_word' id='word_1_455' title='bbox 1238 868 1260 897; x_wconf 89' lang='lat' dir='ltr'>si</span> <span class='ocrx_word' id='word_1_456' title='bbox 1276 868 1327 896; x_wconf 85' lang='lat' dir='ltr'>boc</span> <span class='ocrx_word' id='word_1_457' title='bbox 1342 871 1383 896; x_wconf 88' lang='lat' dir='ltr'>est</span> <span class='ocrx_word' id='word_1_458' title='bbox 1398 876 1512 901; x_wconf 89' lang='lat' dir='ltr'>verum,</span> <span class='ocrx_word' id='word_1_459' title='bbox 1528 876 1594 904; x_wconf 82' lang='lat' dir='ltr'>ergo</span> <span class='ocrx_word' id='word_1_460' title='bbox 1610 868 1647 896; x_wconf 93' lang='lat' dir='ltr'>ibi</span> <span class='ocrx_word' id='word_1_461' title='bbox 1663 871 1704 896; x_wconf 83' lang='lat' dir='ltr'>est</span> <span class='ocrx_word' id='word_1_462' title='bbox 1722 868 1898 906; x_wconf 71' lang='lat' dir='ltr'>synonymia</span> 
     </span>
     <span class='ocr_line' id='line_1_59' title="bbox 1051 913 1835 953; baseline 0 -10"><span class='ocrx_word' id='word_1_463' title='bbox 1051 915 1094 943; x_wconf 87' lang='lat' dir='ltr'>vel</span> <span class='ocrx_word' id='word_1_464' title='bbox 1115 915 1263 943; x_wconf 76' lang='lat' dir='ltr'>inculcatio</span> <span class='ocrx_word' id='word_1_465' title='bbox 1285 915 1454 949; x_wconf 81' lang='lat' dir='ltr'>verborum,</span> <span class='ocrx_word' id='word_1_466' title='bbox 1476 918 1524 943; x_wconf 88' lang='lat' dir='ltr'>aut</span> <span class='ocrx_word' id='word_1_467' title='bbox 1546 915 1640 952; x_wconf 84' lang='lat' dir='ltr'>aliqua</span> <span class='ocrx_word' id='word_1_468' title='bbox 1663 913 1835 953; x_wconf 72' lang='lat' dir='ltr'>differentia.</span> 
     </span>
    </p>

    <p class='ocr_par' dir='ltr' id='par_1_15' title="bbox 1050 961 1900 1232">
     <span class='ocr_line' id='line_1_60' title="bbox 1129 961 1898 999; baseline 0.001 -9"><span class='ocrx_word' id='word_1_469' title='bbox 1129 962 1303 990; x_wconf 69' lang='lat' dir='ltr'>Responono:</span> <span class='ocrx_word' id='word_1_470' title='bbox 1326 962 1496 996; x_wconf 79' lang='lat' dir='ltr'>Dicendum,</span> <span class='ocrx_word' id='word_1_471' title='bbox 1518 962 1591 999; x_wconf 83' lang='lat' dir='ltr'>quod</span> <span class='ocrx_word' id='word_1_472' title='bbox 1615 961 1779 999; x_wconf 61' lang='lat' dir='ltr'>diffie-entia</span> <span class='ocrx_word' id='word_1_473' title='bbox 1800 965 1856 996; x_wconf 69' lang='lat' dir='ltr'>est,</span> <span class='ocrx_word' id='word_1_474' title='bbox 1871 966 1898 991; x_wconf 88' lang='lat' dir='ltr'>et</span> 
     </span>
     <span class='ocr_line' id='line_1_61' title="bbox 1050 1008 1898 1045; baseline 0 -9"><span class='ocrx_word' id='word_1_475' title='bbox 1050 1016 1107 1036; x_wconf 89' lang='lat' dir='ltr'>una</span> <span class='ocrx_word' id='word_1_476' title='bbox 1128 1008 1285 1037; x_wconf 82' lang='lat' dir='ltr'>differentia</span> <span class='ocrx_word' id='word_1_477' title='bbox 1305 1012 1396 1045; x_wconf 86' lang='lat' dir='ltr'>potest</span> <span class='ocrx_word' id='word_1_478' title='bbox 1410 1009 1497 1045; x_wconf 78' lang='lat' dir='ltr'>accipi</span> <span class='ocrx_word' id='word_1_479' title='bbox 1514 1008 1568 1042; x_wconf 77' lang='lat' dir='ltr'>sic,</span> <span class='ocrx_word' id='word_1_480' title='bbox 1590 1011 1621 1036; x_wconf 86' lang='lat' dir='ltr'>ut</span> <span class='ocrx_word' id='word_1_481' title='bbox 1641 1008 1758 1036; x_wconf 74' lang='lat' dir='ltr'>uerbum</span> <span class='ocrx_word' id='word_1_482' title='bbox 1777 1008 1898 1042; x_wconf 72' lang='lat' dir='ltr'>dicatur,</span> 
     </span>
     <span class='ocr_line' id='line_1_62' title="bbox 1051 1055 1900 1092; baseline -0.001 -9"><span class='ocrx_word' id='word_1_483' title='bbox 1051 1055 1146 1092; x_wconf 74' lang='lat' dir='ltr'>quod⁴</span> <span class='ocrx_word' id='word_1_484' title='bbox 1169 1055 1295 1091; x_wconf 78' lang='lat' dir='ltr'>procedit</span> <span class='ocrx_word' id='word_1_485' title='bbox 1316 1063 1352 1083; x_wconf 78' lang='lat' dir='ltr'>ex</span> <span class='ocrx_word' id='word_1_486' title='bbox 1374 1055 1572 1088; x_wconf 86' lang='lat' dir='ltr'>interioribus,</span> <span class='ocrx_word' id='word_1_487' title='bbox 1594 1055 1712 1092; x_wconf 74' lang='lat' dir='ltr'>imagyo,</span> <span class='ocrx_word' id='word_1_488' title='bbox 1741 1055 1813 1091; x_wconf 88' lang='lat' dir='ltr'>quod</span> <span class='ocrx_word' id='word_1_489' title='bbox 1842 1055 1900 1082; x_wconf 82' lang='lat' dir='ltr'>inii-</span> 
     </span>
     <span class='ocr_line' id='line_1_63' title="bbox 1050 1101 1900 1138; baseline -0.001 -8"><span class='ocrx_word' id='word_1_490' title='bbox 1050 1105 1126 1130; x_wconf 79' lang='lat' dir='ltr'>tatur</span> <span class='ocrx_word' id='word_1_491' title='bbox 1148 1102 1174 1129; x_wconf 93' lang='lat' dir='ltr'>in</span> <span class='ocrx_word' id='word_1_492' title='bbox 1196 1101 1402 1135; x_wconf 71' lang='lat' dir='ltr'>exterioribus,</span> <span class='ocrx_word' id='word_1_493' title='bbox 1425 1105 1452 1130; x_wconf 86' lang='lat' dir='ltr'>et</span> <span class='ocrx_word' id='word_1_494' title='bbox 1472 1101 1553 1138; x_wconf 71' lang='lat' dir='ltr'>filins</span> <span class='ocrx_word' id='word_1_495' title='bbox 1578 1101 1771 1138; x_wconf 78' lang='lat' dir='ltr'>complectitur</span> <span class='ocrx_word' id='word_1_496' title='bbox 1794 1105 1900 1129; x_wconf 87' lang='lat' dir='ltr'>utrum-</span> 
     </span>
     <span class='ocr_line' id='line_1_64' title="bbox 1050 1148 1898 1186; baseline -0.001 -9"><span class='ocrx_word' id='word_1_497' title='bbox 1050 1156 1118 1186; x_wconf 72' lang='lat' dir='ltr'>que,</span> <span class='ocrx_word' id='word_1_498' title='bbox 1139 1152 1166 1176; x_wconf 84' lang='lat' dir='ltr'>et</span> <span class='ocrx_word' id='word_1_499' title='bbox 1188 1148 1249 1176; x_wconf 87' lang='lat' dir='ltr'>ideo</span> <span class='ocrx_word' id='word_1_500' title='bbox 1268 1148 1356 1185; x_wconf 83' lang='lat' dir='ltr'>magis</span> <span class='ocrx_word' id='word_1_501' title='bbox 1370 1151 1397 1176; x_wconf 89' lang='lat' dir='ltr'>et</span> <span class='ocrx_word' id='word_1_502' title='bbox 1412 1149 1589 1177; x_wconf 86' lang='lat' dir='ltr'>communius</span> <span class='ocrx_word' id='word_1_503' title='bbox 1604 1148 1706 1177; x_wconf 89' lang='lat' dir='ltr'>dicitur</span> <span class='ocrx_word' id='word_1_504' title='bbox 1719 1148 1800 1185; x_wconf 71' lang='lat' dir='ltr'>silias</span> <span class='ocrx_word' id='word_1_505' title='bbox 1815 1156 1898 1185; x_wconf 89' lang='lat' dir='ltr'>quam</span> 
     </span>
     <span class='ocr_line' id='line_1_65' title="bbox 1050 1195 1314 1232; baseline 0 -9"><span class='ocrx_word' id='word_1_506' title='bbox 1050 1195 1163 1232; x_wconf 82' lang='lat' dir='ltr'>aliquod</span> <span class='ocrx_word' id='word_1_507' title='bbox 1185 1195 1314 1223; x_wconf 87' lang='lat' dir='ltr'>aliorum.</span> 
     </span>
    </p>

    <p class='ocr_par' dir='ltr' id='par_1_16' title="bbox 1050 1242 1900 1606">
     <span class='ocr_line' id='line_1_66' title="bbox 1134 1242 1898 1278; baseline -0.001 -8"><span class='ocrx_word' id='word_1_508' title='bbox 1134 1242 1180 1270; x_wconf 84' lang='lat' dir='ltr'>Vel</span> <span class='ocrx_word' id='word_1_509' title='bbox 1200 1242 1305 1270; x_wconf 80' lang='lat' dir='ltr'>aliter:</span> <span class='ocrx_word' id='word_1_510' title='bbox 1327 1242 1421 1270; x_wconf 85' lang='lat' dir='ltr'>onmia</span> <span class='ocrx_word' id='word_1_511' title='bbox 1443 1242 1510 1271; x_wconf 86' lang='lat' dir='ltr'>haec</span> <span class='ocrx_word' id='word_1_512' title='bbox 1532 1242 1585 1270; x_wconf 86' lang='lat' dir='ltr'>tria</span> <span class='ocrx_word' id='word_1_513' title='bbox 1601 1242 1752 1278; x_wconf 85' lang='lat' dir='ltr'>important</span> <span class='ocrx_word' id='word_1_514' title='bbox 1771 1242 1898 1270; x_wconf 87' lang='lat' dir='ltr'>similitu-</span> 
     </span>
     <span class='ocr_line' id='line_1_67' title="bbox 1051 1288 1899 1325; baseline -0.001 -8"><span class='ocrx_word' id='word_1_515' title='bbox 1051 1289 1143 1317; x_wconf 88' lang='lat' dir='ltr'>dinem</span> <span class='ocrx_word' id='word_1_516' title='bbox 1173 1288 1305 1323; x_wconf 67' lang='lat' dir='ltr'>alterius,</span> <span class='ocrx_word' id='word_1_517' title='bbox 1334 1289 1383 1317; x_wconf 87' lang='lat' dir='ltr'>sed</span> <span class='ocrx_word' id='word_1_518' title='bbox 1404 1288 1485 1325; x_wconf 70' lang='lat' dir='ltr'>silius</span> <span class='ocrx_word' id='word_1_519' title='bbox 1512 1289 1643 1325; x_wconf 82' lang='lat' dir='ltr'>importat</span> <span class='ocrx_word' id='word_1_520' title='bbox 1672 1289 1747 1316; x_wconf 87' lang='lat' dir='ltr'>illam</span> <span class='ocrx_word' id='word_1_521' title='bbox 1774 1289 1899 1316; x_wconf 82' lang='lat' dir='ltr'>similitu-</span> 
     </span>
     <span class='ocr_line' id='line_1_68' title="bbox 1050 1335 1897 1372; baseline 0 -8"><span class='ocrx_word' id='word_1_522' title='bbox 1050 1336 1144 1364; x_wconf 88' lang='lat' dir='ltr'>dinem</span> <span class='ocrx_word' id='word_1_523' title='bbox 1166 1336 1330 1364; x_wconf 85' lang='lat' dir='ltr'>naturaliter</span> <span class='ocrx_word' id='word_1_524' title='bbox 1352 1339 1546 1370; x_wconf 84' lang='lat' dir='ltr'>emanantem,</span> <span class='ocrx_word' id='word_1_525' title='bbox 1576 1335 1673 1372; x_wconf 33' lang='lat' dir='ltr'>ima-qo</span> <span class='ocrx_word' id='word_1_526' title='bbox 1703 1339 1733 1363; x_wconf 92' lang='lat' dir='ltr'>ut</span> <span class='ocrx_word' id='word_1_527' title='bbox 1764 1343 1897 1372; x_wconf 80' lang='lat' dir='ltr'>expresse</span> 
     </span>
     <span class='ocr_line' id='line_1_69' title="bbox 1051 1382 1896 1419; baseline 0 -9"><span class='ocrx_word' id='word_1_528' title='bbox 1051 1383 1224 1416; x_wconf 82' lang='lat' dir='ltr'>imitantem,</span> <span class='ocrx_word' id='word_1_529' title='bbox 1247 1382 1367 1410; x_wconf 79' lang='lat' dir='ltr'>verbam</span> <span class='ocrx_word' id='word_1_530' title='bbox 1389 1385 1420 1410; x_wconf 90' lang='lat' dir='ltr'>ut</span> <span class='ocrx_word' id='word_1_531' title='bbox 1440 1382 1501 1410; x_wconf 87' lang='lat' dir='ltr'>aliis</span> <span class='ocrx_word' id='word_1_532' title='bbox 1527 1382 1741 1419; x_wconf 84' lang='lat' dir='ltr'>exprimentem,</span> <span class='ocrx_word' id='word_1_533' title='bbox 1762 1386 1896 1419; x_wconf 84' lang='lat' dir='ltr'>quantum</span> 
     </span>
     <span class='ocr_line' id='line_1_70' title="bbox 1051 1427 1900 1465; baseline -0.001 -8"><span class='ocrx_word' id='word_1_534' title='bbox 1051 1432 1093 1457; x_wconf 86' lang='lat' dir='ltr'>est</span> <span class='ocrx_word' id='word_1_535' title='bbox 1114 1429 1149 1457; x_wconf 90' lang='lat' dir='ltr'>de</span> <span class='ocrx_word' id='word_1_536' title='bbox 1180 1437 1209 1457; x_wconf 87' lang='lat' dir='ltr'>se</span> <span class='ocrx_word' id='word_1_537' title='bbox 1238 1429 1296 1457; x_wconf 91' lang='lat' dir='ltr'>sive</span> <span class='ocrx_word' id='word_1_538' title='bbox 1324 1432 1421 1457; x_wconf 87' lang='lat' dir='ltr'>natum</span> <span class='ocrx_word' id='word_1_539' title='bbox 1450 1429 1627 1465; x_wconf 71' lang='lat' dir='ltr'>exprimere,</span> <span class='ocrx_word' id='word_1_540' title='bbox 1657 1428 1718 1456; x_wconf 81' lang='lat' dir='ltr'>ideo</span> <span class='ocrx_word' id='word_1_541' title='bbox 1739 1427 1819 1465; x_wconf 75' lang='lat' dir='ltr'>silias</span> <span class='ocrx_word' id='word_1_542' title='bbox 1848 1428 1900 1456; x_wconf 83' lang='lat' dir='ltr'>fre-</span> 
     </span>
     <span class='ocr_line' id='line_1_71' title="bbox 1051 1475 1899 1512; baseline 0 -9"><span class='ocrx_word' id='word_1_543' title='bbox 1051 1475 1182 1512; x_wconf 89' lang='lat' dir='ltr'>quentius</span> <span class='ocrx_word' id='word_1_544' title='bbox 1203 1475 1363 1503; x_wconf 89' lang='lat' dir='ltr'>nominatur</span> <span class='ocrx_word' id='word_1_545' title='bbox 1385 1475 1432 1503; x_wconf 88' lang='lat' dir='ltr'>illa</span> <span class='ocrx_word' id='word_1_546' title='bbox 1454 1483 1573 1512; x_wconf 85' lang='lat' dir='ltr'>persona</span> <span class='ocrx_word' id='word_1_547' title='bbox 1598 1478 1712 1512; x_wconf 83' lang='lat' dir='ltr'>propter</span> <span class='ocrx_word' id='word_1_548' title='bbox 1741 1475 1802 1509; x_wconf 71' lang='grc'><strong>1106,</strong></span> <span class='ocrx_word' id='word_1_549' title='bbox 1824 1475 1899 1512; x_wconf 81' lang='lat' dir='ltr'>quod</span> 
     </span>
     <span class='ocr_line' id='line_1_72' title="bbox 1050 1522 1897 1559; baseline 0 -9"><span class='ocrx_word' id='word_1_550' title='bbox 1050 1522 1138 1559; x_wconf 87' lang='lat' dir='ltr'>ipsam</span> <span class='ocrx_word' id='word_1_551' title='bbox 1165 1522 1368 1550; x_wconf 85' lang='lat' dir='ltr'>emanationem</span> <span class='ocrx_word' id='word_1_552' title='bbox 1396 1525 1423 1550; x_wconf 89' lang='lat' dir='ltr'>et</span> <span class='ocrx_word' id='word_1_553' title='bbox 1451 1522 1643 1550; x_wconf 88' lang='lat' dir='ltr'>habitudinem</span> <span class='ocrx_word' id='word_1_554' title='bbox 1678 1522 1753 1550; x_wconf 87' lang='lat' dir='ltr'>illam</span> <span class='ocrx_word' id='word_1_555' title='bbox 1785 1523 1897 1550; x_wconf 90' lang='lat' dir='ltr'>nomine</span> 
     </span>
     <span class='ocr_line' id='line_1_73' title="bbox 1051 1569 1326 1606; baseline -0.004 -9"><span class='ocrx_word' id='word_1_556' title='bbox 1051 1569 1183 1606; x_wconf 84' lang='lat' dir='ltr'>importat</span> <span class='ocrx_word' id='word_1_557' title='bbox 1203 1569 1326 1606; x_wconf 88' lang='lat' dir='ltr'>proprio.</span> 
     </span>
    </p>

    <p class='ocr_par' dir='ltr' id='par_1_17' title="bbox 1052 1615 1901 2020">
     <span class='ocr_line' id='line_1_74' title="bbox 1135 1615 1898 1653; baseline -0.001 -9"><span class='ocrx_word' id='word_1_558' title='bbox 1135 1616 1181 1644; x_wconf 87' lang='lat' dir='ltr'>Vel</span> <span class='ocrx_word' id='word_1_559' title='bbox 1201 1616 1303 1644; x_wconf 78' lang='lat' dir='ltr'>aliter:</span> <span class='ocrx_word' id='word_1_560' title='bbox 1325 1616 1426 1653; x_wconf 64' lang='lat' dir='ltr'>imago</span> <span class='ocrx_word' id='word_1_561' title='bbox 1448 1617 1580 1652; x_wconf 89' lang='lat' dir='ltr'>importat</span> <span class='ocrx_word' id='word_1_562' title='bbox 1596 1615 1671 1643; x_wconf 86' lang='lat' dir='ltr'>illam</span> <span class='ocrx_word' id='word_1_563' title='bbox 1688 1615 1898 1644; x_wconf 88' lang='lat' dir='ltr'>similitudinem</span> 
     </span>
     <span class='ocr_line' id='line_1_75' title="bbox 1052 1662 1899 1700; baseline -0.002 -8"><span class='ocrx_word' id='word_1_564' title='bbox 1052 1667 1083 1692; x_wconf 83' lang='lat' dir='ltr'>ut</span> <span class='ocrx_word' id='word_1_565' title='bbox 1105 1662 1299 1700; x_wconf 78' lang='lat' dir='ltr'>conformem,</span> <span class='ocrx_word' id='word_1_566' title='bbox 1321 1662 1441 1691; x_wconf 80' lang='lat' dir='ltr'>verbam</span> <span class='ocrx_word' id='word_1_567' title='bbox 1463 1663 1595 1699; x_wconf 86' lang='lat' dir='ltr'>importat</span> <span class='ocrx_word' id='word_1_568' title='bbox 1627 1662 1702 1690; x_wconf 90' lang='lat' dir='ltr'>illam</span> <span class='ocrx_word' id='word_1_569' title='bbox 1734 1666 1764 1690; x_wconf 89' lang='lat' dir='ltr'>ut</span> <span class='ocrx_word' id='word_1_570' title='bbox 1794 1666 1899 1690; x_wconf 79' lang='lat' dir='ltr'>ntenta-</span> 
     </span>
     <span class='ocr_line' id='line_1_76' title="bbox 1052 1709 1899 1746; baseline -0.004 -7"><span class='ocrx_word' id='word_1_571' title='bbox 1052 1710 1106 1739; x_wconf 79' lang='lat' dir='ltr'>Iein</span> <span class='ocrx_word' id='word_1_572' title='bbox 1134 1711 1192 1739; x_wconf 90' lang='lat' dir='ltr'>sive</span> <span class='ocrx_word' id='word_1_573' title='bbox 1214 1710 1404 1746; x_wconf 83' lang='lat' dir='ltr'>spiritualem,</span> <span class='ocrx_word' id='word_1_574' title='bbox 1426 1710 1474 1738; x_wconf 83' lang='lat' dir='ltr'>sed</span> <span class='ocrx_word' id='word_1_575' title='bbox 1501 1709 1581 1744; x_wconf 72' lang='lat' dir='ltr'>filias</span> <span class='ocrx_word' id='word_1_576' title='bbox 1607 1709 1838 1738; x_wconf 73' lang='lat' dir='ltr'>connaturalem.</span> <span class='ocrx_word' id='word_1_577' title='bbox 1870 1709 1899 1737; x_wconf 83' lang='lat' dir='ltr'>Et</span> 
     </span>
     <span class='ocr_line' id='line_1_77' title="bbox 1054 1756 1901 1794; baseline -0.002 -8"><span class='ocrx_word' id='word_1_578' title='bbox 1054 1758 1093 1786; x_wconf 87' lang='lat' dir='ltr'>sic</span> <span class='ocrx_word' id='word_1_579' title='bbox 1108 1760 1183 1794; x_wconf 87' lang='lat' dir='ltr'>patet</span> <span class='ocrx_word' id='word_1_580' title='bbox 1204 1757 1316 1785; x_wconf 85' lang='lat' dir='ltr'>diversa</span> <span class='ocrx_word' id='word_1_581' title='bbox 1337 1757 1408 1785; x_wconf 88' lang='lat' dir='ltr'>ratio</span> <span class='ocrx_word' id='word_1_582' title='bbox 1430 1756 1603 1793; x_wconf 83' lang='lat' dir='ltr'>significandi</span> <span class='ocrx_word' id='word_1_583' title='bbox 1625 1757 1742 1785; x_wconf 86' lang='lat' dir='ltr'>eandem</span> <span class='ocrx_word' id='word_1_584' title='bbox 1764 1757 1901 1785; x_wconf 86' lang='lat' dir='ltr'>habitudi-</span> 
     </span>
     <span class='ocr_line' id='line_1_78' title="bbox 1053 1803 1900 1840; baseline -0.001 -8"><span class='ocrx_word' id='word_1_585' title='bbox 1053 1812 1133 1838; x_wconf 76' lang='lat' dir='ltr'>nem,</span> <span class='ocrx_word' id='word_1_586' title='bbox 1154 1807 1181 1832; x_wconf 88' lang='lat' dir='ltr'>et</span> <span class='ocrx_word' id='word_1_587' title='bbox 1202 1804 1239 1831; x_wconf 88' lang='lat' dir='ltr'>ita</span> <span class='ocrx_word' id='word_1_588' title='bbox 1260 1803 1357 1832; x_wconf 85' lang='lat' dir='ltr'>eadem</span> <span class='ocrx_word' id='word_1_589' title='bbox 1380 1803 1536 1840; x_wconf 85' lang='lat' dir='ltr'>proprietas</span> <span class='ocrx_word' id='word_1_590' title='bbox 1558 1806 1615 1837; x_wconf 84' lang='lat' dir='ltr'>est,</span> <span class='ocrx_word' id='word_1_591' title='bbox 1636 1811 1686 1831; x_wconf 88' lang='lat' dir='ltr'>nec</span> <span class='ocrx_word' id='word_1_592' title='bbox 1708 1807 1800 1831; x_wconf 85' lang='lat' dir='ltr'>tamen</span> <span class='ocrx_word' id='word_1_593' title='bbox 1823 1811 1900 1839; x_wconf 81' lang='lat' dir='ltr'>syno-</span> 
     </span>
     <span class='ocr_line' id='line_1_79' title="bbox 1053 1849 1899 1887; baseline -0.001 -9"><span class='ocrx_word' id='word_1_594' title='bbox 1053 1850 1154 1887; x_wconf 88' lang='lat' dir='ltr'>nymia.</span> <span class='ocrx_word' id='word_1_595' title='bbox 1166 1867 1203 1870; x_wconf 88' lang='lat'>—-</span> <span class='ocrx_word' id='word_1_596' title='bbox 1217 1850 1247 1877; x_wconf 90' lang='lat' dir='ltr'>Et</span> <span class='ocrx_word' id='word_1_597' title='bbox 1259 1849 1286 1877; x_wconf 92' lang='lat' dir='ltr'>in</span> <span class='ocrx_word' id='word_1_598' title='bbox 1301 1849 1393 1886; x_wconf 88' lang='lat' dir='ltr'>prima</span> <span class='ocrx_word' id='word_1_599' title='bbox 1407 1849 1565 1886; x_wconf 79' lang='lat' dir='ltr'>acceptione</span> <span class='ocrx_word' id='word_1_600' title='bbox 1580 1849 1670 1885; x_wconf 85' lang='lat' dir='ltr'>praeit</span> <span class='ocrx_word' id='word_1_601' title='bbox 1682 1849 1796 1877; x_wconf 90' lang='lat' dir='ltr'>intentio</span> <span class='ocrx_word' id='word_1_602' title='bbox 1810 1849 1899 1882; x_wconf 72' lang='lat' dir='ltr'>uerbi,</span> 
     </span>
     <span class='ocr_line' id='line_1_80' title="bbox 1054 1895 1900 1933; baseline -0.002 -8"><span class='ocrx_word' id='word_1_603' title='bbox 1054 1897 1081 1925; x_wconf 93' lang='lat' dir='ltr'>in</span> <span class='ocrx_word' id='word_1_604' title='bbox 1103 1897 1225 1925; x_wconf 85' lang='lat' dir='ltr'>secunda</span> <span class='ocrx_word' id='word_1_605' title='bbox 1247 1896 1361 1924; x_wconf 88' lang='lat' dir='ltr'>intentio</span> <span class='ocrx_word' id='word_1_606' title='bbox 1381 1895 1446 1930; x_wconf 81' lang='lat' dir='ltr'>lilii,</span> <span class='ocrx_word' id='word_1_607' title='bbox 1462 1896 1488 1924; x_wconf 91' lang='lat' dir='ltr'>in</span> <span class='ocrx_word' id='word_1_608' title='bbox 1504 1896 1585 1924; x_wconf 89' lang='lat' dir='ltr'>tertia</span> <span class='ocrx_word' id='word_1_609' title='bbox 1607 1896 1721 1924; x_wconf 81' lang='lat' dir='ltr'>intentio</span> <span class='ocrx_word' id='word_1_610' title='bbox 1742 1896 1900 1933; x_wconf 73' lang='lat' dir='ltr'>inzayinis;</span> 
     </span>
     <span class='ocr_line' id='line_1_81' title="bbox 1055 1943 1900 1972; baseline -0.002 0"><span class='ocrx_word' id='word_1_611' title='bbox 1055 1948 1145 1972; x_wconf 90' lang='lat' dir='ltr'>tamen</span> <span class='ocrx_word' id='word_1_612' title='bbox 1168 1944 1238 1972; x_wconf 91' lang='lat' dir='ltr'>inter</span> <span class='ocrx_word' id='word_1_613' title='bbox 1270 1951 1367 1971; x_wconf 90' lang='lat' dir='ltr'>omnes</span> <span class='ocrx_word' id='word_1_614' title='bbox 1406 1943 1515 1972; x_wconf 88' lang='lat' dir='ltr'>medius</span> <span class='ocrx_word' id='word_1_615' title='bbox 1540 1943 1641 1971; x_wconf 84' lang='lat' dir='ltr'>modus</span> <span class='ocrx_word' id='word_1_616' title='bbox 1670 1947 1711 1971; x_wconf 90' lang='lat' dir='ltr'>est</span> <span class='ocrx_word' id='word_1_617' title='bbox 1739 1943 1900 1971; x_wconf 82' lang='lat' dir='ltr'>convenien-</span> 
     </span>
     <span class='ocr_line' id='line_1_82' title="bbox 1054 1991 1138 2020; baseline -0.024 0"><span class='ocrx_word' id='word_1_618' title='bbox 1054 1991 1107 2020; x_wconf 89' lang='lat' dir='ltr'>tior</span> <span class='ocrx_word' id='word_1_619' title='bbox 1120 1991 1138 2018; x_wconf 77' lang='lat'>⁵.</span> 
     </span>
    </p>
   </div>
   <div class='ocr_carea' id='block_1_12' title="bbox 1411 2083 1541 2111">
    <p class='ocr_par' dir='ltr' id='par_1_18' title="bbox 1411 2083 1541 2111">
     <span class='ocr_line' id='line_1_83' title="bbox 1411 2083 1541 2111; baseline 0 0"><span class='ocrx_word' id='word_1_620' title='bbox 1411 2083 1478 2111; x_wconf 76' lang='lat' dir='ltr'>Due.</span> <span class='ocrx_word' id='word_1_621' title='bbox 1501 2083 1541 2111; x_wconf 87' lang='lat' dir='ltr'>ill.</span> 
     </span>
    </p>
   </div>
   <div class='ocr_carea' id='block_1_13' title="bbox 1053 2177 1899 2537">
    <p class='ocr_par' dir='ltr' id='par_1_19' title="bbox 1053 2177 1898 2346">
     <span class='ocr_line' id='line_1_84' title="bbox 1132 2177 1898 2214; baseline 0 -9"><span class='ocrx_word' id='word_1_622' title='bbox 1132 2177 1198 2206; x_wconf 90' lang='lat' dir='ltr'>Item</span> <span class='ocrx_word' id='word_1_623' title='bbox 1220 2177 1366 2214; x_wconf 85' lang='lat' dir='ltr'>quaeritur</span> <span class='ocrx_word' id='word_1_624' title='bbox 1388 2177 1422 2206; x_wconf 88' lang='lat' dir='ltr'>de</span> <span class='ocrx_word' id='word_1_625' title='bbox 1444 2177 1496 2205; x_wconf 88' lang='grc'><strong>1106</strong></span> <span class='ocrx_word' id='word_1_626' title='bbox 1517 2177 1591 2214; x_wconf 84' lang='lat' dir='ltr'>quod</span> <span class='ocrx_word' id='word_1_627' title='bbox 1615 2177 1695 2211; x_wconf 81' lang='lat' dir='ltr'>dicit,</span> <span class='ocrx_word' id='word_1_628' title='bbox 1716 2177 1791 2214; x_wconf 84' lang='lat' dir='ltr'>quod</span> <span class='ocrx_word' id='word_1_629' title='bbox 1819 2177 1898 2205; x_wconf 74' lang='lat' dir='ltr'>solas</span> 
     </span>
     <span class='ocr_line' id='line_1_85' title="bbox 1054 2220 1898 2259; baseline 0 -7"><span class='ocrx_word' id='word_1_630' title='bbox 1054 2224 1150 2252; x_wconf 70' lang='lat' dir='ltr'>Filius</span> <span class='ocrx_word' id='word_1_631' title='bbox 1165 2227 1206 2252; x_wconf 72' lang='lat' dir='ltr'>est</span> <span class='ocrx_word' id='word_1_632' title='bbox 1219 2224 1297 2252; x_wconf 77' lang='lat' dir='ltr'>Deus</span> <span class='ocrx_word' id='word_1_633' title='bbox 1319 2220 1352 2252; x_wconf 70' lang='lat' dir='ltr'>(Ie</span> <span class='ocrx_word' id='word_1_634' title='bbox 1367 2224 1433 2252; x_wconf 80' lang='lat' dir='ltr'>Deo.</span> <span class='ocrx_word' id='word_1_635' title='bbox 1449 2224 1566 2253; x_wconf 88' lang='lat' dir='ltr'>Videtur</span> <span class='ocrx_word' id='word_1_636' title='bbox 1586 2224 1660 2252; x_wconf 88' lang='lat' dir='ltr'>enim</span> <span class='ocrx_word' id='word_1_637' title='bbox 1675 2222 1777 2252; x_wconf 84' lang='lat' dir='ltr'>falsum</span> <span class='ocrx_word' id='word_1_638' title='bbox 1793 2224 1898 2259; x_wconf 79' lang='lat' dir='ltr'>dicere,</span> 
     </span>
     <span class='ocr_line' id='line_1_86' title="bbox 1054 2270 1898 2307; baseline 0 -9"><span class='ocrx_word' id='word_1_639' title='bbox 1054 2270 1118 2307; x_wconf 85' lang='lat' dir='ltr'>quia</span> <span class='ocrx_word' id='word_1_640' title='bbox 1145 2282 1158 2296; x_wconf 87' lang='lat'>«</span> <span class='ocrx_word' id='word_1_641' title='bbox 1173 2270 1292 2306; x_wconf 84' lang='lat' dir='ltr'>Spiritus</span> <span class='ocrx_word' id='word_1_642' title='bbox 1314 2273 1426 2299; x_wconf 88' lang='lat' dir='ltr'>sanctus</span> <span class='ocrx_word' id='word_1_643' title='bbox 1441 2274 1483 2299; x_wconf 88' lang='lat' dir='ltr'>est</span> <span class='ocrx_word' id='word_1_644' title='bbox 1497 2270 1571 2298; x_wconf 88' lang='lat' dir='ltr'>Deus</span> <span class='ocrx_word' id='word_1_645' title='bbox 1585 2270 1620 2298; x_wconf 87' lang='lat' dir='ltr'>de</span> <span class='ocrx_word' id='word_1_646' title='bbox 1634 2270 1691 2298; x_wconf 85' lang='lat' dir='ltr'>Deo</span> <span class='ocrx_word' id='word_1_647' title='bbox 1705 2270 1747 2297; x_wconf 82' lang='lat'>»⁰:</span> <span class='ocrx_word' id='word_1_648' title='bbox 1763 2278 1816 2298; x_wconf 89' lang='lat' dir='ltr'>non</span> <span class='ocrx_word' id='word_1_649' title='bbox 1833 2278 1898 2307; x_wconf 83' lang='lat' dir='ltr'>ergo</span> 
     </span>
     <span class='ocr_line' id='line_1_87' title="bbox 1053 2317 1242 2346; baseline 0 0"><span class='ocrx_word' id='word_1_650' title='bbox 1053 2317 1129 2346; x_wconf 86' lang='lat' dir='ltr'>solus</span> <span class='ocrx_word' id='word_1_651' title='bbox 1150 2318 1242 2346; x_wconf 83' lang='lat' dir='ltr'>Filius.</span> 
     </span>
    </p>

    <p class='ocr_par' dir='ltr' id='par_1_20' title="bbox 1053 2363 1899 2537">
     <span class='ocr_line' id='line_1_88' title="bbox 1133 2363 1899 2401; baseline 0 -9"><span class='ocrx_word' id='word_1_652' title='bbox 1133 2365 1305 2393; x_wconf 72' lang='lat' dir='ltr'>Responnno:</span> <span class='ocrx_word' id='word_1_653' title='bbox 1321 2364 1492 2394; x_wconf 71' lang='lat' dir='ltr'>Dicendum.</span> <span class='ocrx_word' id='word_1_654' title='bbox 1516 2364 1590 2401; x_wconf 88' lang='lat' dir='ltr'>quod</span> <span class='ocrx_word' id='word_1_655' title='bbox 1606 2364 1659 2392; x_wconf 86' lang='lat' dir='ltr'>ista</span> <span class='ocrx_word' id='word_1_656' title='bbox 1673 2363 1799 2392; x_wconf 83' lang='lat' dir='ltr'>exclusio</span> <span class='ocrx_word' id='word_1_657' title='bbox 1814 2367 1899 2392; x_wconf 84' lang='lat' dir='ltr'>arcta-</span> 
     </span>
     <span class='ocr_line' id='line_1_89' title="bbox 1053 2410 1898 2448; baseline 0 -10"><span class='ocrx_word' id='word_1_658' title='bbox 1053 2413 1099 2438; x_wconf 92' lang='lat' dir='ltr'>tur</span> <span class='ocrx_word' id='word_1_659' title='bbox 1120 2418 1156 2439; x_wconf 87' lang='lat' dir='ltr'>ex</span> <span class='ocrx_word' id='word_1_660' title='bbox 1179 2411 1262 2439; x_wconf 86' lang='lat' dir='ltr'>modo</span> <span class='ocrx_word' id='word_1_661' title='bbox 1284 2411 1424 2448; x_wconf 83' lang='lat' dir='ltr'>loquendi.</span> <span class='ocrx_word' id='word_1_662' title='bbox 1447 2411 1525 2447; x_wconf 87' lang='lat' dir='ltr'>Quod</span> <span class='ocrx_word' id='word_1_663' title='bbox 1548 2414 1638 2447; x_wconf 87' lang='lat' dir='ltr'>patet,</span> <span class='ocrx_word' id='word_1_664' title='bbox 1661 2411 1726 2447; x_wconf 86' lang='lat' dir='ltr'>quia</span> <span class='ocrx_word' id='word_1_665' title='bbox 1750 2419 1804 2438; x_wconf 91' lang='lat' dir='ltr'>non</span> <span class='ocrx_word' id='word_1_666' title='bbox 1833 2410 1898 2439; x_wconf 90' lang='lat' dir='ltr'>dicit</span> 
     </span>
     <span class='ocr_line' id='line_1_90' title="bbox 1053 2457 1897 2495; baseline 0 -10"><span class='ocrx_word' id='word_1_667' title='bbox 1053 2457 1217 2494; x_wconf 86' lang='lat' dir='ltr'>simpliciter</span> <span class='ocrx_word' id='word_1_668' title='bbox 1238 2458 1302 2492; x_wconf 87' lang='lat' dir='ltr'>boc,</span> <span class='ocrx_word' id='word_1_669' title='bbox 1325 2458 1373 2487; x_wconf 88' lang='lat' dir='ltr'>sed</span> <span class='ocrx_word' id='word_1_670' title='bbox 1395 2458 1512 2495; x_wconf 86' lang='lat' dir='ltr'>loquens</span> <span class='ocrx_word' id='word_1_671' title='bbox 1527 2458 1561 2486; x_wconf 88' lang='lat' dir='ltr'>de</span> <span class='ocrx_word' id='word_1_672' title='bbox 1576 2458 1655 2486; x_wconf 84' lang='lat' dir='ltr'>Patre</span> <span class='ocrx_word' id='word_1_673' title='bbox 1676 2461 1703 2486; x_wconf 86' lang='lat' dir='ltr'>et</span> <span class='ocrx_word' id='word_1_674' title='bbox 1718 2458 1783 2485; x_wconf 86' lang='lat' dir='ltr'>Filio</span> <span class='ocrx_word' id='word_1_675' title='bbox 1798 2458 1897 2486; x_wconf 89' lang='lat' dir='ltr'>dicit⁷:</span> 
     </span>
     <span class='ocr_line' id='line_1_91' title="bbox 1061 2504 1898 2537; baseline 0.001 -6"><span class='ocrx_word' id='word_1_676' title='bbox 1061 2511 1137 2532; x_wconf 85' lang='lat' dir='ltr'>«non</span> <span class='ocrx_word' id='word_1_677' title='bbox 1166 2504 1248 2532; x_wconf 85' lang='lat' dir='ltr'>ambo</span> <span class='ocrx_word' id='word_1_678' title='bbox 1277 2504 1351 2533; x_wconf 89' lang='lat' dir='ltr'>Deus</span> <span class='ocrx_word' id='word_1_679' title='bbox 1373 2505 1407 2533; x_wconf 89' lang='lat' dir='ltr'>de</span> <span class='ocrx_word' id='word_1_680' title='bbox 1435 2505 1509 2537; x_wconf 79' lang='lat' dir='ltr'>De0,</span> <span class='ocrx_word' id='word_1_681' title='bbox 1539 2505 1586 2533; x_wconf 89' lang='lat' dir='ltr'>sed</span> <span class='ocrx_word' id='word_1_682' title='bbox 1615 2505 1692 2533; x_wconf 82' lang='lat' dir='ltr'>solus</span> <span class='ocrx_word' id='word_1_683' title='bbox 1718 2504 1802 2532; x_wconf 79' lang='lat' dir='ltr'>Filius</span> <span class='ocrx_word' id='word_1_684' title='bbox 1813 2515 1840 2537; x_wconf 60' lang='lat' dir='ltr'>u,</span> <span class='ocrx_word' id='word_1_685' title='bbox 1861 2504 1898 2532; x_wconf 88' lang='lat' dir='ltr'>ita</span> 
     </span>
    </p>
   </div>
   <div class='ocr_carea' id='block_1_14' title="bbox 784 2614 1302 2616">
    <p class='ocr_par' dir='ltr' id='par_1_21' title="bbox 784 2614 1302 2616">
     <span class='ocr_line' id='line_1_92' title="bbox 784 2614 1302 2616; baseline 0 0"><span class='ocrx_word' id='word_1_686' title='bbox 784 2614 1302 2616; x_wconf 95' lang='lat' dir='ltr'> </span> 
     </span>
    </p>
   </div>
   <div class='ocr_carea' id='block_1_15' title="bbox 151 2705 998 2811">
    <p class='ocr_par' dir='ltr' id='par_1_22' title="bbox 151 2705 998 2811">
     <span class='ocr_line' id='line_1_93' title="bbox 215 2705 998 2734; baseline 0.004 -8"><span class='ocrx_word' id='word_1_687' title='bbox 215 2705 222 2719; x_wconf 79' lang='lat'><em>1</em></span> <span class='ocrx_word' id='word_1_688' title='bbox 240 2705 321 2727; x_wconf 87' lang='lat' dir='ltr'>Forma</span> <span class='ocrx_word' id='word_1_689' title='bbox 339 2706 454 2734; x_wconf 84' lang='lat' dir='ltr'>antiquior</span> <span class='ocrx_word' id='word_1_690' title='bbox 471 2711 513 2733; x_wconf 90' lang='lat' dir='ltr'>pro</span> <span class='ocrx_word' id='word_1_691' title='bbox 529 2706 638 2729; x_wconf 76' lang='lat' dir='ltr'>neutrius</span> <span class='ocrx_word' id='word_1_692' title='bbox 645 2715 655 2734; x_wconf 87' lang='lat'>,-</span> <span class='ocrx_word' id='word_1_693' title='bbox 672 2707 807 2734; x_wconf 84' lang='lat' dir='ltr'>praesertim</span> <span class='ocrx_word' id='word_1_694' title='bbox 825 2706 896 2728; x_wconf 65' lang='lat' dir='ltr'>verba</span> <span class='ocrx_word' id='word_1_695' title='bbox 919 2706 998 2729; x_wconf 77' lang='lat' dir='ltr'>neutri</span> 
     </span>
     <span class='ocr_line' id='line_1_94' title="bbox 151 2743 970 2773; baseline 0.001 -7"><span class='ocrx_word' id='word_1_696' title='bbox 151 2743 243 2773; x_wconf 55' lang='lat' dir='ltr'>petieris</span> <span class='ocrx_word' id='word_1_697' title='bbox 260 2744 323 2771; x_wconf 87' lang='lat' dir='ltr'>apud</span> <span class='ocrx_word' id='word_1_698' title='bbox 340 2745 447 2772; x_wconf 81' lang='lat' dir='ltr'>antiquos</span> <span class='ocrx_word' id='word_1_699' title='bbox 464 2745 627 2772; x_wconf 77' lang='lat' dir='ltr'>grammaticos</span> <span class='ocrx_word' id='word_1_700' title='bbox 644 2751 713 2773; x_wconf 84' lang='lat' dir='ltr'>saepe</span> <span class='ocrx_word' id='word_1_701' title='bbox 730 2746 823 2773; x_wconf 87' lang='lat' dir='ltr'>saepius</span> <span class='ocrx_word' id='word_1_702' title='bbox 840 2748 970 2768; x_wconf 74' lang='lat' dir='ltr'>occurrunt.</span> 
     </span>
     <span class='ocr_line' id='line_1_95' title="bbox 214 2781 624 2811; baseline 0.002 -7"><span class='ocrx_word' id='word_1_703' title='bbox 214 2782 223 2796; x_wconf 72' lang='lat'>2</span> <span class='ocrx_word' id='word_1_704' title='bbox 240 2781 284 2804; x_wconf 77' lang='lat' dir='ltr'>Cir.</span> <span class='ocrx_word' id='word_1_705' title='bbox 303 2789 373 2810; x_wconf 85' lang='lat' dir='ltr'>supra</span> <span class='ocrx_word' id='word_1_706' title='bbox 390 2789 444 2810; x_wconf 80' lang='lat' dir='ltr'>pag.</span> <span class='ocrx_word' id='word_1_707' title='bbox 463 2783 515 2811; x_wconf 78' lang='lat'>359,</span> <span class='ocrx_word' id='word_1_708' title='bbox 533 2787 585 2805; x_wconf 83' lang='lat' dir='ltr'>nota</span> <span class='ocrx_word' id='word_1_709' title='bbox 603 2783 624 2805; x_wconf 75' lang='lat'>5.</span> 
     </span>
    </p>
   </div>
   <div class='ocr_carea' id='block_1_16' title="bbox 1024 2706 1027 2817">
    <p class='ocr_par' dir='ltr' id='par_1_23' title="bbox 1024 2706 1027 2817">
     <span class='ocr_line' id='line_1_96' title="bbox 1024 2706 1027 2817; baseline 0 587"><span class='ocrx_word' id='word_1_710' title='bbox 1024 2706 1027 2817; x_wconf 95' lang='lat' dir='ltr'> </span> 
     </span>
    </p>
   </div>
   <div class='ocr_carea' id='block_1_17' title="bbox 1053 2703 1897 2810">
    <p class='ocr_par' dir='ltr' id='par_1_24' title="bbox 1053 2703 1897 2810">
     <span class='ocr_line' id='line_1_97' title="bbox 1116 2703 1897 2735; baseline -0.006 -6"><span class='ocrx_word' id='word_1_711' title='bbox 1116 2707 1125 2721; x_wconf 83' lang='lat'>⁴</span> <span class='ocrx_word' id='word_1_712' title='bbox 1143 2707 1182 2729; x_wconf 90' lang='lat' dir='ltr'>Ed.</span> <span class='ocrx_word' id='word_1_713' title='bbox 1205 2707 1209 2728; x_wconf 96' lang='lat' dir='ltr'>l</span> <span class='ocrx_word' id='word_1_714' title='bbox 1232 2708 1268 2729; x_wconf 87' lang='lat' dir='ltr'>hic</span> <span class='ocrx_word' id='word_1_715' title='bbox 1285 2710 1307 2729; x_wconf 85' lang='lat' dir='ltr'>et</span> <span class='ocrx_word' id='word_1_716' title='bbox 1323 2713 1417 2729; x_wconf 88' lang='lat' dir='ltr'>rursum</span> <span class='ocrx_word' id='word_1_717' title='bbox 1436 2707 1505 2735; x_wconf 90' lang='lat' dir='ltr'>paulo</span> <span class='ocrx_word' id='word_1_718' title='bbox 1518 2707 1612 2728; x_wconf 74' lang='lat' dir='ltr'>interius</span> <span class='ocrx_word' id='word_1_719' title='bbox 1630 2708 1680 2733; x_wconf 80' lang='lat' dir='ltr'>post</span> <span class='ocrx_word' id='word_1_720' title='bbox 1693 2704 1770 2733; x_wconf 64' lang='lat' dir='ltr'>[maglo</span> <span class='ocrx_word' id='word_1_721' title='bbox 1784 2703 1897 2725; x_wconf 70' lang='lat' dir='ltr'>substituit</span> 
     </span>
     <span class='ocr_line' id='line_1_98' title="bbox 1053 2742 1897 2775; baseline -0.006 -7"><span class='ocrx_word' id='word_1_722' title='bbox 1053 2746 1110 2775; x_wconf 80' lang='lat' dir='ltr'>quia</span> <span class='ocrx_word' id='word_1_723' title='bbox 1127 2752 1169 2774; x_wconf 87' lang='lat' dir='ltr'>pro</span> <span class='ocrx_word' id='word_1_724' title='bbox 1187 2745 1264 2775; x_wconf 78' lang='lat' dir='ltr'>quod,</span> <span class='ocrx_word' id='word_1_725' title='bbox 1283 2752 1330 2774; x_wconf 87' lang='lat' dir='ltr'>quo</span> <span class='ocrx_word' id='word_1_726' title='bbox 1348 2745 1450 2768; x_wconf 76' lang='lat' dir='ltr'>secundo</span> <span class='ocrx_word' id='word_1_727' title='bbox 1468 2746 1518 2768; x_wconf 89' lang='grc'><strong>1060</strong></span> <span class='ocrx_word' id='word_1_728' title='bbox 1535 2746 1603 2767; x_wconf 82' lang='lat' dir='ltr'>ctiam</span> <span class='ocrx_word' id='word_1_729' title='bbox 1626 2744 1733 2773; x_wconf 86' lang='lat' dir='ltr'>permulti</span> <span class='ocrx_word' id='word_1_730' title='bbox 1754 2742 1821 2764; x_wconf 61' lang='lat' dir='ltr'>codd.</span> <span class='ocrx_word' id='word_1_731' title='bbox 1844 2748 1897 2764; x_wconf 71' lang='lat' dir='ltr'>cum</span> 
     </span>
     <span class='ocr_line' id='line_1_99' title="bbox 1054 2781 1897 2810; baseline -0.005 -4"><span class='ocrx_word' id='word_1_732' title='bbox 1054 2784 1089 2806; x_wconf 82' lang='lat' dir='ltr'>cd.</span> <span class='ocrx_word' id='word_1_733' title='bbox 1112 2785 1116 2806; x_wconf 97' lang='lat' dir='ltr'>l</span> <span class='ocrx_word' id='word_1_734' title='bbox 1147 2785 1293 2806; x_wconf 66' lang='lat' dir='ltr'>conveniunt.</span> <span class='ocrx_word' id='word_1_735' title='bbox 1311 2783 1366 2806; x_wconf 89' lang='lat' dir='ltr'>Cod.</span> <span class='ocrx_word' id='word_1_736' title='bbox 1385 2784 1404 2805; x_wconf 81' lang='lat' dir='ltr'>Y</span> <span class='ocrx_word' id='word_1_737' title='bbox 1422 2784 1520 2806; x_wconf 81' lang='lat' dir='ltr'>subIndc</span> <span class='ocrx_word' id='word_1_738' title='bbox 1537 2784 1605 2805; x_wconf 84' lang='lat' dir='ltr'>ctiam</span> <span class='ocrx_word' id='word_1_739' title='bbox 1621 2786 1671 2810; x_wconf 87' lang='lat' dir='ltr'>post</span> <span class='ocrx_word' id='word_1_740' title='bbox 1685 2782 1755 2804; x_wconf 66' lang='lat' dir='ltr'>verba</span> <span class='ocrx_word' id='word_1_741' title='bbox 1767 2781 1897 2803; x_wconf 78' lang='lat' dir='ltr'>immediate</span> 
     </span>
    </p>
   </div>
   <div class='ocr_carea' id='block_1_18' title="bbox 215 2820 1710 2853">
    <p class='ocr_par' dir='ltr' id='par_1_25' title="bbox 215 2820 1710 2853">
     <span class='ocr_line' id='line_1_100' title="bbox 215 2820 1710 2853; baseline 0 -10"><span class='ocrx_word' id='word_1_742' title='bbox 215 2821 224 2835; x_wconf 80' lang='lat'>³</span> <span class='ocrx_word' id='word_1_743' title='bbox 242 2821 297 2844; x_wconf 85' lang='lat' dir='ltr'>Cod.</span> <span class='ocrx_word' id='word_1_744' title='bbox 315 2821 332 2843; x_wconf 95' lang='lat' dir='ltr'>O</span> <span class='ocrx_word' id='word_1_745' title='bbox 358 2822 394 2843; x_wconf 80' lang='lat' dir='ltr'>liic</span> <span class='ocrx_word' id='word_1_746' title='bbox 421 2821 489 2843; x_wconf 82' lang='lat' dir='ltr'>finem</span> <span class='ocrx_word' id='word_1_747' title='bbox 515 2823 678 2849; x_wconf 85' lang='lat' dir='ltr'>propositionis</span> <span class='ocrx_word' id='word_1_748' title='bbox 703 2823 760 2845; x_wconf 81' lang='lat' dir='ltr'>tacit.</span> <span class='ocrx_word' id='word_1_749' title='bbox 779 2823 865 2845; x_wconf 84' lang='lat' dir='ltr'>Deinde</span> <span class='ocrx_word' id='word_1_750' title='bbox 882 2823 996 2850; x_wconf 80' lang='lat' dir='ltr'>adiungit:</span> <span class='ocrx_word' id='word_1_751' title='bbox 1025 2820 1027 2844; x_wconf 82' lang='lat' dir='ltr'>l</span> <span class='ocrx_word' id='word_1_752' title='bbox 1054 2823 1216 2852; x_wconf 75' lang='lat' dir='ltr'>subsequentia</span> <span class='ocrx_word' id='word_1_753' title='bbox 1235 2824 1257 2846; x_wconf 75' lang='lat' dir='ltr'>et</span> <span class='ocrx_word' id='word_1_754' title='bbox 1266 2822 1331 2853; x_wconf 80' lang='lat' dir='ltr'>silius</span> <span class='ocrx_word' id='word_1_755' title='bbox 1349 2824 1532 2845; x_wconf 77' lang='lat' dir='ltr'>coniunctionem</span> <span class='ocrx_word' id='word_1_756' title='bbox 1549 2821 1604 2851; x_wconf 76' lang='lat' dir='ltr'>quia</span> <span class='ocrx_word' id='word_1_757' title='bbox 1623 2822 1710 2849; x_wconf 57' lang='lat' dir='ltr'>repetit.</span> 
     </span>
    </p>
   </div>
   <div class='ocr_carea' id='block_1_19' title="bbox 152 2860 997 3005">
    <p class='ocr_par' dir='ltr' id='par_1_26' title="bbox 152 2860 997 3005">
     <span class='ocr_line' id='line_1_101' title="bbox 152 2860 997 2889; baseline 0.002 -8"><span class='ocrx_word' id='word_1_758' title='bbox 152 2860 221 2882; x_wconf 83' lang='lat' dir='ltr'>Aliter</span> <span class='ocrx_word' id='word_1_759' title='bbox 238 2860 329 2882; x_wconf 81' lang='lat' dir='ltr'>videtur</span> <span class='ocrx_word' id='word_1_760' title='bbox 346 2866 413 2887; x_wconf 84' lang='lat' dir='ltr'>posse</span> <span class='ocrx_word' id='word_1_761' title='bbox 431 2860 487 2887; x_wconf 83' lang='lat' dir='ltr'>dici,</span> <span class='ocrx_word' id='word_1_762' title='bbox 506 2860 569 2888; x_wconf 88' lang='lat' dir='ltr'>quod</span> <span class='ocrx_word' id='word_1_763' title='bbox 585 2864 628 2883; x_wconf 83' lang='lat' dir='ltr'>stat</span> <span class='ocrx_word' id='word_1_764' title='bbox 645 2867 736 2889; x_wconf 87' lang='lat' dir='ltr'>semper</span> <span class='ocrx_word' id='word_1_765' title='bbox 754 2862 775 2888; x_wconf 83' lang='lat' dir='ltr'>ly</span> <span class='ocrx_word' id='word_1_766' title='bbox 793 2861 836 2884; x_wconf 74' lang='lat' dir='ltr'>hoc</span> <span class='ocrx_word' id='word_1_767' title='bbox 848 2862 997 2889; x_wconf 75' lang='lat' dir='ltr'>personaliter</span> 
     </span>
     <span class='ocr_line' id='line_1_102' title="bbox 153 2898 997 2927; baseline 0.004 -7"><span class='ocrx_word' id='word_1_768' title='bbox 153 2901 175 2921; x_wconf 83' lang='lat' dir='ltr'>et</span> <span class='ocrx_word' id='word_1_769' title='bbox 192 2901 279 2920; x_wconf 88' lang='lat' dir='ltr'>tantum</span> <span class='ocrx_word' id='word_1_770' title='bbox 296 2899 357 2921; x_wconf 82' lang='lat' dir='ltr'>valet</span> <span class='ocrx_word' id='word_1_771' title='bbox 373 2898 416 2921; x_wconf 77' lang='lat' dir='ltr'>boc</span> <span class='ocrx_word' id='word_1_772' title='bbox 433 2899 466 2921; x_wconf 79' lang='lat' dir='ltr'>est</span> <span class='ocrx_word' id='word_1_773' title='bbox 482 2899 560 2927; x_wconf 74' lang='lat' dir='ltr'>Pater,</span> <span class='ocrx_word' id='word_1_774' title='bbox 578 2905 605 2921; x_wconf 82' lang='lat' dir='ltr'>ac</span> <span class='ocrx_word' id='word_1_775' title='bbox 627 2900 645 2921; x_wconf 92' lang='lat' dir='ltr'>si</span> <span class='ocrx_word' id='word_1_776' title='bbox 662 2900 787 2922; x_wconf 86' lang='lat' dir='ltr'>diceretur:</span> <span class='ocrx_word' id='word_1_777' title='bbox 809 2901 843 2923; x_wconf 79' lang='lat' dir='ltr'>est</span> <span class='ocrx_word' id='word_1_778' title='bbox 859 2900 937 2923; x_wconf 84' lang='lat' dir='ltr'>Pater.</span> <span class='ocrx_word' id='word_1_779' title='bbox 960 2901 997 2922; x_wconf 76' lang='lat' dir='ltr'>Sa—</span> 
     </span>
     <span class='ocr_line' id='line_1_103' title="bbox 152 2937 996 2967; baseline 0.002 -8"><span class='ocrx_word' id='word_1_780' title='bbox 152 2938 235 2965; x_wconf 79' lang='lat' dir='ltr'>pientia</span> <span class='ocrx_word' id='word_1_781' title='bbox 253 2938 327 2966; x_wconf 69' lang='grc'><strong>60101,</strong></span> <span class='ocrx_word' id='word_1_782' title='bbox 345 2937 473 2959; x_wconf 85' lang='lat' dir='ltr'>secundum</span> <span class='ocrx_word' id='word_1_783' title='bbox 490 2937 551 2966; x_wconf 85' lang='lat' dir='ltr'>quod</span> <span class='ocrx_word' id='word_1_784' title='bbox 578 2939 686 2966; x_wconf 82' lang='lat' dir='ltr'>essentia,</span> <span class='ocrx_word' id='word_1_785' title='bbox 710 2942 744 2961; x_wconf 87' lang='lat' dir='ltr'>est</span> <span class='ocrx_word' id='word_1_786' title='bbox 772 2939 847 2967; x_wconf 75' lang='lat' dir='ltr'>l&#39;ater3</span> <span class='ocrx_word' id='word_1_787' title='bbox 869 2939 996 2961; x_wconf 86' lang='lat' dir='ltr'>secundum</span> 
     </span>
     <span class='ocr_line' id='line_1_104' title="bbox 153 2976 771 3005; baseline 0.003 -7"><span class='ocrx_word' id='word_1_788' title='bbox 153 2976 216 3004; x_wconf 88' lang='lat' dir='ltr'>quod</span> <span class='ocrx_word' id='word_1_789' title='bbox 234 2979 267 2998; x_wconf 78' lang='lat' dir='ltr'>est</span> <span class='ocrx_word' id='word_1_790' title='bbox 286 2976 400 3005; x_wconf 74' lang='lat' dir='ltr'>Verbum⁷</span> <span class='ocrx_word' id='word_1_791' title='bbox 419 2983 463 2998; x_wconf 90' lang='lat' dir='ltr'>non</span> <span class='ocrx_word' id='word_1_792' title='bbox 480 2980 514 2999; x_wconf 76' lang='lat' dir='ltr'>est</span> <span class='ocrx_word' id='word_1_793' title='bbox 531 2977 606 3005; x_wconf 73' lang='lat' dir='ltr'>Pater,</span> <span class='ocrx_word' id='word_1_794' title='bbox 625 2980 650 2999; x_wconf 85' lang='lat' dir='ltr'>ut</span> <span class='ocrx_word' id='word_1_795' title='bbox 668 2983 711 2999; x_wconf 90' lang='lat' dir='ltr'>non</span> <span class='ocrx_word' id='word_1_796' title='bbox 729 2982 771 3000; x_wconf 82' lang='lat' dir='ltr'>etc.</span> 
     </span>
    </p>
   </div>
   <div class='ocr_carea' id='block_1_20' title="bbox 1055 2861 1898 3007">
    <p class='ocr_par' dir='ltr' id='par_1_27' title="bbox 1116 2861 1508 2890">
     <span class='ocr_line' id='line_1_105' title="bbox 1116 2861 1508 2890; baseline 0 -6"><span class='ocrx_word' id='word_1_797' title='bbox 1116 2862 1125 2876; x_wconf 76' lang='lat'>⁵</span> <span class='ocrx_word' id='word_1_798' title='bbox 1142 2861 1186 2884; x_wconf 76' lang='lat' dir='ltr'>Cl&#39;r.</span> <span class='ocrx_word' id='word_1_799' title='bbox 1205 2868 1274 2889; x_wconf 82' lang='lat' dir='ltr'>supra</span> <span class='ocrx_word' id='word_1_800' title='bbox 1292 2869 1314 2890; x_wconf 90' lang='lat' dir='ltr'>q.</span> <span class='ocrx_word' id='word_1_801' title='bbox 1333 2862 1353 2884; x_wconf 90' lang='grc'>3.</span> <span class='ocrx_word' id='word_1_802' title='bbox 1372 2863 1441 2884; x_wconf 81' lang='lat' dir='ltr'>liuius</span> <span class='ocrx_word' id='word_1_803' title='bbox 1458 2862 1508 2884; x_wconf 80' lang='lat' dir='ltr'>dist.</span> 
     </span>
    </p>

    <p class='ocr_par' dir='ltr' id='par_1_28' title="bbox 1117 2898 1865 2928">
     <span class='ocr_line' id='line_1_106' title="bbox 1117 2898 1865 2928; baseline -0.004 -5"><span class='ocrx_word' id='word_1_804' title='bbox 1117 2900 1124 2910; x_wconf 63' lang='lat'>&#39;³</span> <span class='ocrx_word' id='word_1_805' title='bbox 1143 2901 1218 2923; x_wconf 82' lang='lat' dir='ltr'>Verba</span> <span class='ocrx_word' id='word_1_806' title='bbox 1231 2901 1352 2928; x_wconf 76' lang='lat' dir='ltr'>Augustini</span> <span class='ocrx_word' id='word_1_807' title='bbox 1363 2901 1416 2923; x_wconf 66' lang='lat' dir='ltr'>vide</span> <span class='ocrx_word' id='word_1_808' title='bbox 1429 2907 1498 2928; x_wconf 83' lang='lat' dir='ltr'>supra</span> <span class='ocrx_word' id='word_1_809' title='bbox 1516 2901 1538 2921; x_wconf 93' lang='lat' dir='ltr'>in</span> <span class='ocrx_word' id='word_1_810' title='bbox 1557 2900 1586 2921; x_wconf 91' lang='lat' dir='ltr'>lit.</span> <span class='ocrx_word' id='word_1_811' title='bbox 1604 2899 1714 2927; x_wconf 77' lang='lat' dir='ltr'>Magistri,</span> <span class='ocrx_word' id='word_1_812' title='bbox 1727 2899 1748 2920; x_wconf 91' lang='lat' dir='ltr'>d.</span> <span class='ocrx_word' id='word_1_813' title='bbox 1767 2898 1794 2920; x_wconf 83' lang='lat' dir='ltr'>X.</span> <span class='ocrx_word' id='word_1_814' title='bbox 1813 2904 1831 2920; x_wconf 91' lang='grc'>6.</span> <span class='ocrx_word' id='word_1_815' title='bbox 1845 2898 1865 2920; x_wconf 77' lang='lat'>2.</span> 
     </span>
    </p>

    <p class='ocr_par' dir='ltr' id='par_1_29' title="bbox 1055 2937 1898 3007">
     <span class='ocr_line' id='line_1_107' title="bbox 1117 2937 1898 2967; baseline -0.005 -5"><span class='ocrx_word' id='word_1_816' title='bbox 1117 2940 1124 2953; x_wconf 73' lang='lat'><em>7</em></span> <span class='ocrx_word' id='word_1_817' title='bbox 1144 2940 1229 2962; x_wconf 80' lang='lat' dir='ltr'>Textus</span> <span class='ocrx_word' id='word_1_818' title='bbox 1247 2940 1367 2967; x_wconf 81' lang='lat' dir='ltr'>Augustini</span> <span class='ocrx_word' id='word_1_819' title='bbox 1385 2940 1482 2962; x_wconf 82' lang='lat' dir='ltr'>habetur</span> <span class='ocrx_word' id='word_1_820' title='bbox 1499 2940 1535 2961; x_wconf 82' lang='grc'><strong>1116</strong></span> <span class='ocrx_word' id='word_1_821' title='bbox 1552 2940 1573 2961; x_wconf 91' lang='lat' dir='ltr'>in</span> <span class='ocrx_word' id='word_1_822' title='bbox 1587 2939 1616 2961; x_wconf 87' lang='lat' dir='ltr'>lit.</span> <span class='ocrx_word' id='word_1_823' title='bbox 1630 2939 1736 2966; x_wconf 78' lang='lat' dir='ltr'>Magistri,</span> <span class='ocrx_word' id='word_1_824' title='bbox 1749 2944 1767 2959; x_wconf 83' lang='grc'>1·.</span> <span class='ocrx_word' id='word_1_825' title='bbox 1781 2937 1898 2959; x_wconf 79' lang='grc'><strong>5.-1106</strong></span> 
     </span>
     <span class='ocr_line' id='line_1_108' title="bbox 1055 2976 1896 3007; baseline -0.004 -7"><span class='ocrx_word' id='word_1_826' title='bbox 1055 2978 1151 3000; x_wconf 85' lang='lat' dir='ltr'>dubium</span> <span class='ocrx_word' id='word_1_827' title='bbox 1161 2979 1253 3001; x_wconf 82' lang='lat' dir='ltr'>solvunt</span> <span class='ocrx_word' id='word_1_828' title='bbox 1262 2979 1330 3001; x_wconf 78' lang='lat' dir='ltr'>etiam</span> <span class='ocrx_word' id='word_1_829' title='bbox 1340 2979 1364 3000; x_wconf 89' lang='lat' dir='ltr'>B.</span> <span class='ocrx_word' id='word_1_830' title='bbox 1374 2978 1466 3007; x_wconf 62' lang='lat' dir='ltr'>Aibert„</span> <span class='ocrx_word' id='word_1_831' title='bbox 1477 2979 1512 3000; x_wconf 81' lang='grc'><strong>1116</strong></span> <span class='ocrx_word' id='word_1_832' title='bbox 1525 2985 1544 3000; x_wconf 81' lang='lat' dir='ltr'>a.</span> <span class='ocrx_word' id='word_1_833' title='bbox 1557 2979 1578 3006; x_wconf 75' lang='lat'>9,</span> <span class='ocrx_word' id='word_1_834' title='bbox 1591 2981 1613 3000; x_wconf 87' lang='lat' dir='ltr'>ct</span> <span class='ocrx_word' id='word_1_835' title='bbox 1624 2977 1738 3005; x_wconf 77' lang='lat' dir='ltr'>Riclinrd.⁷</span> <span class='ocrx_word' id='word_1_836' title='bbox 1751 2977 1787 2998; x_wconf 84' lang='lat' dir='ltr'>liic</span> <span class='ocrx_word' id='word_1_837' title='bbox 1799 2977 1857 2998; x_wconf 79' lang='lat' dir='ltr'>circa</span> <span class='ocrx_word' id='word_1_838' title='bbox 1867 2976 1896 2997; x_wconf 87' lang='lat' dir='ltr'>lit.</span> 
     </span>
    </p>
   </div>
   <div class='ocr_carea' id='block_1_21' title="bbox 1913 963 2026 1004">
    <p class='ocr_par' dir='ltr' id='par_1_30' title="bbox 1913 963 2026 1004">
     <span class='ocr_line' id='line_1_109' title="bbox 1934 963 2026 981; baseline 0.011 -1"><span class='ocrx_word' id='word_1_839' title='bbox 1934 963 2026 981; x_wconf 79' lang='lat' dir='ltr'>Differen-</span> 
     </span>
     <span class='ocr_line' id='line_1_110' title="bbox 1913 986 1967 1004; baseline 0 0"><span class='ocrx_word' id='word_1_840' title='bbox 1913 986 1937 1004; x_wconf 83' lang='lat' dir='ltr'>tia</span> <span class='ocrx_word' id='word_1_841' title='bbox 1952 986 1967 1004; x_wconf 89' lang='grc'>1.</span> 
     </span>
    </p>
   </div>
   <div class='ocr_carea' id='block_1_22' title="bbox 1913 1243 2028 1284">
    <p class='ocr_par' dir='ltr' id='par_1_31' title="bbox 1913 1243 2028 1284">
     <span class='ocr_line' id='line_1_111' title="bbox 1936 1243 2028 1262; baseline 0 -1"><span class='ocrx_word' id='word_1_842' title='bbox 1936 1243 2028 1262; x_wconf 70' lang='grc'><strong>[11116160-</strong></span> 
     </span>
     <span class='ocr_line' id='line_1_112' title="bbox 1913 1267 1967 1284; baseline 0 0"><span class='ocrx_word' id='word_1_843' title='bbox 1913 1267 1937 1284; x_wconf 79' lang='lat' dir='ltr'>lia</span> <span class='ocrx_word' id='word_1_844' title='bbox 1950 1267 1967 1284; x_wconf 67' lang='lat'>2,</span> 
     </span>
    </p>
   </div>
   <div class='ocr_carea' id='block_1_23' title="bbox 1913 1617 2027 1658">
    <p class='ocr_par' dir='ltr' id='par_1_32' title="bbox 1913 1617 2027 1658">
     <span class='ocr_line' id='line_1_113' title="bbox 1937 1617 2027 1636; baseline 0 -1"><span class='ocrx_word' id='word_1_845' title='bbox 1937 1617 2027 1636; x_wconf 76' lang='lat' dir='ltr'>Differen-</span> 
     </span>
     <span class='ocr_line' id='line_1_114' title="bbox 1913 1641 1968 1658; baseline 0 0"><span class='ocrx_word' id='word_1_846' title='bbox 1913 1641 1938 1658; x_wconf 81' lang='lat' dir='ltr'>tia</span> <span class='ocrx_word' id='word_1_847' title='bbox 1952 1641 1968 1658; x_wconf 81' lang='lat'>3.</span> 
     </span>
    </p>
   </div>
   <div class='ocr_carea' id='block_1_24' title="bbox 1914 1851 2041 1892">
    <p class='ocr_par' dir='ltr' id='par_1_33' title="bbox 1914 1851 2041 1892">
     <span class='ocr_line' id='line_1_115' title="bbox 1914 1851 2041 1892; baseline 0.008 -23"><span class='ocrx_word' id='word_1_848' title='bbox 1914 1851 2003 1892; x_wconf 49' lang='lat' dir='ltr'>hulitssffiffl</span> <span class='ocrx_word' id='word_1_849' title='bbox 2017 1852 2041 1870; x_wconf 78' lang='lat' dir='ltr'>de</span> 
     </span>
     <span class='ocr_line' id='line_1_116' title="bbox 1943 1880 1972 1892; baseline 0 0"><span class='ocrx_word' id='word_1_850' title='bbox 1943 1880 1972 1892; x_wconf 76' lang='lat' dir='ltr'>ns.</span> 
     </span>
    </p>
   </div>
  </div>
 </body>
</html>
