2215 3404
9 2078 25 2097 ‚d
37 2078 110 2102 opposi-

716 199 799 227 DIST.
821 199 920 227 xxxu.
943 199 1015 227 ART.
1037 199 1066 227 ll.
1088 200 1222 235 QUAEST.
1245 201 1273 228 ll.

2 284 112 314 {visanum
125 277 225 315 positio
247 277 277 305 in
299 285 361 305 cum
384 285 435 305 suo
456 277 559 305 casuali
591 279 681 314 potest
702 276 889 305 determinare
914 277 967 304 hoc

126 323 244 352 verbum
276 323 356 351 ¹novit
386 323 413 350 in
444 322 651 359 comparatione
679 322 715 351 ad
741 321 920 355 sulimatum
940 324 967 350 et

123 372 190 398 tune
210 372 252 398 est
273 369 374 398 locutio
395 369 477 397 falsa:
501 372 543 397 est
563 369 635 397 enim
659 375 772 402 sensus,
787 368 862 405 quod
884 368 967 396 Filius

124 416 159 444 sit
181 416 252 444 Patri
274 416 346 444 ratio
377 416 569 452 cognoscendi.
601 415 650 444 Vel
671 417 762 452 potest
783 415 901 443 verbum
924 415 968 443 de-

124 462 275 491 terminare
306 462 334 490 in
365 461 574 498 comparatione
605 461 640 490 ad
672 461 831 494 obiectztm;
851 464 879 489 et
900 464 967 490 tunc

123 517 190 538 vera
211 512 268 543 est,
295 512 322 537 et
353 511 394 537 est
425 516 539 542 sensus,
561 508 636 545 quod
658 508 742 536 Filius
764 507 799 536 sit
819 508 905 536 rebus
926 516 968 536 eo-

123 556 206 593 gnitis
236 556 307 584 ratio
337 559 364 584 et
392 555 538 592 exemplar
569 558 596 583 et
621 562 705 583 eausa
726 554 914 591 exemplandi.
939 555 968 582 Et

123 603 198 640 quod
220 602 270 631 iste
298 602 385 639 possit
415 609 476 630 esse
507 609 605 630 sensus
626 601 788 635 locutionis,
810 604 893 637 patet.
914 602 965 637 Qui

123 650 196 678 enim
230 649 350 686 perfecte
381 649 521 685 cognoscit
548 648 687 685 aliquem,
718 648 858 684 cognoscit
885 656 967 676 omne

123 696 198 733 quod
219 699 261 725 est
282 696 307 723 in
341 696 402 724 illo:
435 696 458 724 si
479 702 546 731 ergo
576 695 654 723 Pater
679 694 800 731 perfecte
827 694 968 730 cognoscit

122 743 238 777 Filium,
259 746 286 771 et
308 743 335 770 in
357 742 423 770 Filio
444 744 509 770 sunt
529 741 636 775 omnia,
668 748 735 777 ergo
756 740 849 768 onmia
870 748 967 776 eogno-

123 789 174 818 seit
194 789 219 817 in
243 789 316 817 Filio.
337 789 391 817 Nec
412 792 502 816 tamen
525 796 562 816 ex
584 788 636 816 hoe
657 787 800 824 sequitur,
815 787 907 823 quod¹
931 787 966 815 sit

1808 206 1862 234 563

1024 277 1133 313 sapiens
1155 277 1235 311 Filio,
1257 278 1322 314 quia
1345 282 1409 307 tunc
1431 280 1616 316 significatur,
1637 283 1712 318 quod
1734 284 1817 313 Filius
1832 285 1867 313 sit

1024 322 1094 350 ratio
1115 324 1298 359 cognoscendi
1320 325 1372 361 ipsi
1395 326 1475 353 Patri.

1104 371 1129 397 5.
1151 370 1189 398 Ad
1211 370 1280 399 illud
1302 372 1377 408 quod
1398 373 1528 401 obiicitur
1550 374 1666 409 ultimo,
1688 378 1762 412 quod
1788 378 1867 407 Pater

1024 415 1091 443 dicit
1121 416 1214 444 omnia
1245 417 1351 451 Verbo:
1373 418 1536 453 dicendum,
1558 421 1633 457 quod
1656 422 1707 450 hoe
1728 424 1803 460 quod
1825 427 1867 453 est

1024 461 1119 489 dicere
1140 462 1272 499 importat
1293 464 1450 501 originem,
1475 465 1605 502 importat
1632 468 1715 496 etiam
1737 468 1866 506 effectum

1023 508 1051 536 in
1073 512 1217 543 creatura,
1240 518 1322 546 quem
1345 511 1428 539 efficit
1455 520 1505 548 per
1536 513 1657 542 Verbum
1671 514 1697 549 23
1719 516 1768 544 sed
1790 517 1867 545 intet-

1023 554 1111 591 lz'gyere
1143 563 1196 583 non
1228 556 1360 593 importat
1391 557 1425 585 de
1447 565 1476 586 se
1497 559 1549 587 nisi
1575 560 1751 589 solummodo
1772 565 1865 591 actum

1022 602 1214 636 essentialem,
1236 602 1273 630 ita
1294 603 1369 639 quod
1391 612 1441 632 nec.
1462 604 1593 641 importat
1607 606 1642 635 de
1657 614 1686 635 se
1707 612 1864 645 respectum

1022 647 1058 675 ad
1089 655 1236 684 personam
1268 656 1318 677 nec
1349 650 1384 678 ad
1405 654 1572 679 ereaturam.
1595 653 1657 681 ideo
1678 662 1731 682 non
1754 656 1866 685 omnino

1023 694 1096 722 idem
1128 698 1170 723 est
1201 695 1294 724 dicere
1326 697 1397 725 (licit
1425 698 1524 726 omm'ct
1551 699 1658 733 Verbo,
1684 704 1711 729 et
1733 702 1866 740 intelliqit

1023 741 1123 769 omnia
1152 742 1255 770 Verbo:
1285 742 1381 771 dicere
1401 745 1475 772 enim
1506 745 1576 773 idem
1599 748 1735 783 estquod
1767 749 1865 778 intelli-

993 814 994 819 ,
1019 796 1101 824 qere,
1124 788 1170 816 sed
1193 789 1315 825 amplius
1336 790 1475 827 importat.

862 922 1121 959 SOHOLION.

185 1058 199 1080 l.
216 1057 274 1080 Cum
291 1057 417 1087 sapientia,
437 1064 496 1086 quae
513 1060 547 1080 est
563 1057 698 1080 attributum
715 1058 834 1079 essentiale
855 1060 877 1079 et
894 1058 967 1080 tribus

122 1097 206 1119 divinis
222 1097 327 1125 personis
344 1102 480 1124 commune,
498 1097 661 1124 approprietur
678 1096 743 1124 Filio,
762 1097 801 1124 qui
818 1099 915 1118 meatur
931 1102 966 1119 sa-

119 1135 209 1165 pientia
224 1135 315 1165 penita,
336 1136 357 1157 in
376 1136 418 1157 hac
436 1136 568 1164 quaestione
586 1138 695 1157 tractatur
711 1135 740 1157 de
757 1136 867 1163 sapientia
885 1138 909 1158 ut
929 1142 967 1163 ap-

121 1176 237 1203 propriata
247 1174 416 1196 Filia—Circa
428 1175 623 1201 retractationem,
636 1180 706 1202 quam
718 1173 771 1195 tecit
783 1174 804 1195 S.
815 1174 965 1202 Augustinus,

122 1214 250 1242 quaeritur,
268 1219 315 1241 quo
331 1218 399 1235 sensu
419 1212 522 1242 intelligi·
533 1212 627 1239 debeat,
648 1218 701 1234 cum
722 1218 766 1234 non
786 1212 966 1240 supponendum

122 1252 161 1280 sit,
179 1252 332 1273 illuminatum
350 1252 411 1273 hune
427 1251 546 1273 doctorem
564 1257 666 1279 unquam
684 1257 791 1279 negasse,
817 1251 906 1273 Patrem
931 1258 966 1273 sa-

121 1291 222 1318 pientem
240 1296 290 1312 esse
308 1297 349 1318 per
366 1296 432 1312 suam
455 1289 603 1313 essentialem
624 1291 767 1318 sapientiam.
789 1290 892 1313 Fortasse
917 1291 966 1318 ipse

121 1332 187 1352 antea
204 1329 343 1354 crediderat,
362 1330 450 1351 Patrem
463 1336 530 1357 posse
543 1330 619 1358 aliquo
632 1330 701 1351 modo
713 1329 864 1352 denominari
879 1331 966 1358 sapien-

122 1372 168 1391 tem
186 1375 198 1391 a
216 1369 330 1397 Sapientia
349 1370 436 1397 genita,
454 1369 528 1397 quod,
545 1372 569 1391 ut
580 1369 648 1391 valde
665 1369 819 1397 improprium
836 1371 966 1392 retractavit

122 1408 172 1436 (cfr.
189 1408 233 1430 hic.
251 1407 306 1430 dub.
325 1408 365 1437 3.).

185 1447 208 1470 ll.
226 1448 257 1469 De
274 1448 340 1469 solut.
358 1447 387 1469 ad
406 1448 426 1469 l.
444 1450 466 1470 et
482 1447 646 1475 significatione
659 1448 753 1475 genitivi
765 1447 820 1469 vide
832 1447 886 1470 dub.
904 1448 965 1470 7.—

121 1486 143 1508 ln
161 1486 227 1509 solut.
245 1486 274 1508 ad
292 1485 313 1508 4.
331 1487 353 1508 S.
370 1486 454 1509 Doctor
471 1486 586 1514 duplicem
604 1492 698 1508 sensum
715 1486 835 1508 locutionis
851 1492 919 1509 nosse
940 1486 965 1509 in

120 1525 201 1554 aliquo
218 1525 342 1553 distinguit.
366 1525 466 1547 Eandem
490 1525 658 1548 distinctionem
681 1526 703 1547 S.
721 1525 804 1547 Tliom.
826 1525 873 1552 (hie
895 1532 916 1554 q.
944 1526 964 1548 2.

1023 1065 1042 1080 a.
1065 1059 1081 1080 Ι.
1099 1058 1128 1081 ad
1146 1058 1177 1087 3.)
1195 1059 1228 1081 sie
1244 1060 1352 1087 explicat:
1368 1068 1378 1080 «
1396 1060 1476 1084 Videre
1492 1061 1516 1085 in
1534 1062 1615 1092 aliquo
1632 1063 1715 1086 dieitur
1731 1065 1864 1093 dupliciter:

1022 1100 1061 1119 aut
1078 1099 1143 1120 cuius
1160 1098 1314 1125 cognitionem
1332 1099 1354 1120 in
1372 1105 1399 1121 eo
1416 1101 1513 1128 accipit,
1531 1102 1611 1124 sicut...
1624 1102 1751 1130 discipulus
1762 1105 1783 1126 in
1794 1105 1866 1127 verbo

1023 1137 1137 1165 magistri,
1151 1137 1211 1159 dieto
1223 1137 1259 1159 vel
1276 1138 1372 1165 scripto;
1390 1142 1429 1161 aut
1445 1145 1494 1161 rem
1511 1141 1626 1168 cognitam
1644 1142 1666 1163 in
1678 1142 1721 1164 alio
1733 1149 1867 1170 repraesen-

1022 1177 1090 1197 tatam
1107 1176 1202 1203 intueri,
1221 1176 1278 1209 sicut
1303 1177 1435 1200 aedificator
1460 1178 1523 1201 videt
1548 1182 1620 1201 artem
1645 1186 1712 1202 suam
1737 1182 1758 1203 in
1782 1182 1864 1211 domo,

1022 1219 1092 1242 quam
1110 1215 1192 1237 facit».

1086 1253 1118 1275 lll.
1136 1252 1258 1275 Conclusio
1275 1257 1363 1277 constat
1374 1255 1436 1283 apud
1449 1262 1536 1279 omnes.
1549 1257 1609 1279 Alex.
1623 1258 1678 1286 Hal.y
1691 1259 1712 1281 S.
1725 1266 1747 1287 p.
1761 1260 1775 1282 l.
1793 1267 1815 1289 q.
1828 1261 1864 1283 67.

1022 1297 1053 1313 m.
1075 1292 1096 1313 3.
1119 1299 1139 1313 a.
1158 1293 1178 1314 Ξ.
1197 1292 1210 1321 S
1234 1293 1256 1314 3.
1273 1305 1304 1309 —
1320 1294 1388 1321 Soet„
1410 1295 1432 1316 in
1455 1297 1553 1323 utroque
1576 1296 1672 1324 Scripto,
1690 1298 1726 1319 hic
1748 1305 1769 1327 q.
1792 1299 1812 1320 2.
1834 1311 1865 1315 —

1022 1330 1043 1352 S.
1062 1330 1152 1359 Tliom.,
1171 1332 1207 1353 liic
1224 1338 1246 1360 q.
1265 1333 1285 1354 2.
1304 1338 1323 1354 a.
1346 1333 1351 1354 1
1366 1340 1371 1361 ;
1384 1334 1405 1354 S.
1424 1334 1437 1355 l.
1451 1340 1472 1362 q.
1491 1334 1527 1356 39.
1540 1341 1560 1356 a.
1573 1335 1593 1356 7.
1612 1336 1641 1357 ad
1654 1336 1674 1358 2.
1686 1348 1717 1352 —
1730 1337 1752 1359 B.
1770 1337 1865 1366 Albert„

1022 1370 1058 1391 liic
1075 1376 1094 1392 a.
1113 1370 1133 1392 3.
1153 1370 1176 1397 .i;
1195 1371 1217 1393 S.
1236 1378 1257 1399 p.
1276 1372 1289 1393 l.
1308 1376 1335 1395 tr.
1362 1373 1394 1395 12.
1412 1380 1434 1401 q.
1453 1373 1489 1396 50.
1508 1381 1538 1396 111.
1557 1376 1578 1396 2.
1590 1387 1621 1391 —
1633 1376 1690 1398 Petr.
1708 1383 1719 1398 a
1742 1377 1802 1405 Tar„
1828 1379 1865 1400 liic

1021 1416 1043 1438 q.
1061 1410 1082 1431 2.
1100 1416 1119 1431 a.
1146 1410 1163 1432 l.
1179 1422 1211 1426 —
1228 1411 1333 1433 Richard.
1352 1418 1363 1433 n
1382 1412 1447 1440 Med,
1466 1413 1502 1435 liic
1520 1420 1539 1435 a.
1558 1415 1578 1436 Ξ.
1602 1420 1624 1442 (1.
1647 1415 1664 1436 l.
1686 1427 1717 1431 —
1734 1416 1807 1444 AEgid.
1829 1417 1863 1445 R„

1021 1449 1058 1470 hic
1075 1449 1095 1470 2.
1114 1449 1186 1476 princ.
1204 1456 1226 1478 q.
1249 1450 1266 1471 l.
1278 1462 1309 1466 —
1326 1451 1393 1473 ilenr.
1411 1452 1491 1479 Gand„
1510 1453 1531 1474 S.
1549 1459 1568 1474 a.
1587 1453 1623 1475 38.
1642 1460 1663 1482 q.
1682 1455 1709 1482 2,
1727 1461 1747 1476 a.
1760 1454 1796 1477 40.
1808 1462 1830 1484 q.
1843 1456 1864 1478 6.

1020 1493 1041 1508 n.
1059 1487 1080 1508 8.
1097 1500 1127 1503 —-
1144 1487 1254 1515 Durand„
1277 1490 1313 1511 liie
1330 1496 1352 1518 q.
1376 1490 1397 1511 2.
1414 1502 1446 1506 —
1463 1491 1554 1518 Dionys.
1581 1491 1664 1520 Carth„
1691 1493 1727 1515 liic
1748 1499 1770 1522 q.
1789 1494 1809 1516 Ξ.
1834 1507 1866 1511 -

1022 1525 1074 1553 Biel,
1092 1526 1128 1547 liic
1145 1532 1167 1554 q.
1187 1527 1207 1549 l.

890 1647 1052 1684 QUAESTIO
1073 1649 1102 1677 11.

335 1748 440 1777 Utrum
460 1752 536 1776 reete
557 1748 618 1776 diez·
634 1748 745 1785 possit:
766 1749 859 1777 Pater
880 1752 921 1776 est
938 1752 1040 1785 potens
1057 1750 1188 1785 potentia
1209 1750 1269 1778 sive
1291 1751 1413 1786 uirtute,
1436 1761 1526 1790 (su-(tm
1544 1754 1655 1790 ῃθηῑιίί.

199 1880 326 1909 Secundo
346 1881 509 1917 quaeritur,
529 1883 626 1909 utrum
648 1880 716 1909 haee
737 1880 839 1909 locutio
865 1880 900 1909 sit
921 1880 967 1908 ad-

121 1927 270 1956 mittenda:
300 1927 379 1955 Pater
407 1931 449 1955 est
469 1931 567 1964 potens
595 1927 733 1964 potentia,
755 1935 840 1964 quam
861 1927 965 1964 genuit,

122 1975 181 2003 sive
201 1974 314 2002 virtute.
338 1974 368 2001 Et
389 1974 502 2002 videtur
524 1974 599 2011 quod
622 1974 675 2002 sie:

204 2021 227 2048 1.
249 2020 319 2056 Quia
351 2020 522 2057 quicumque
542 2023 675 2057 operatur
706 2028 756 2057 per
788 2020 910 2057 aliquem
938 2022 966 2048 et

122 2075 177 2095 non
198 2069 288 2104 potest
308 2066 418 2103 operari
440 2066 499 2095 sine
519 2074 567 2100 eo,
590 2066 674 2094 habet
693 2066 844 2102 potentiam
860 2066 895 2094 al]
917 2073 965 2099 eo:

123 2114 172 2143 sed
194 2114 272 2142 Pater
299 2116 431 2150 operatur
463 2121 513 2149 per
546 2113 643 2141 Filium
665 2116 692 2141 et
713 2121 766 2141 non
788 2115 879 2150 potest
904 2120 966 2149 ope-

122 2161 179 2189 rari
201 2161 260 2189 sine
281 2159 378 2188 Filio³:
401 2168 468 2197 ergo
489 2163 540 2188 etc.

201 2208 227 2235 ⁴2).
249 2207 315 2235 item
325 2229 332 2241 ,
348 2207 374 2234 in
391 2207 492 2235 (livinis
507 2207 580 2235 idem
596 2209 637 2235 est
651 2206 748 2234 virtus
762 2209 789 2235 et
804 2206 964 2243 opercwiffi,

122 2261 189 2289 ergo
204 2261 268 2281 eum
284 2253 363 2281 Pater
385 2256 517 2290 operetur
531 2261 581 2290 per
602 2253 717 2287 Filium,
739 2255 829 2289 potest
853 2261 903 2289 per
928 2253 966 2281 Fi-

123 2300 208 2335 lium;
230 2300 279 2329 sed
300 2300 471 2337 quicumque
492 2303 581 2336 potest
595 2308 646 2337 per
660 2300 789 2334 alterum,
811 2303 853 2328 est
867 2303 965 2336 potens

123 2347 245 2383 potentia
267 2346 355 2374 illius:
378 2354 444 2383 ergo
466 2346 545 2374 Pater
560 2349 602 2375 est
616 2349 713 2383 potens
728 2346 851 2383 potentia
865 2346 964 2383 genita.

202 2393 226 2421 3.
249 2393 332 2427 item,
354 2393 425 2422 sicut
456 2400 485 2421 se
516 2393 600 2421 habet
620 2401 703 2421 nosse
724 2393 760 2421 ad
785 2393 965 2430 sapientiam,

123 2439 160 2467 ita
181 2439 302 2476 operari
321 2439 356 2467 ad
384 2439 552 2475 potentiaiu;
580 2439 628 2467 sed
659 2439 730 2467 hene
751 2439 892 2476 sequitur:
915 2439 966 2467 iste

123 2485 199 2514 novit
220 2493 269 2522 per
291 2485 386 2518 illum,
407 2493 474 2521 ergo
495 2488 536 2514 est
558 2486 668 2522 sapiens
688 2493 738 2522 per
760 2485 839 2513 illum
853 2485 877 2512 ⁵:
900 2493 966 2521 ergo

122 2531 193 2560 hene
213 2532 355 2569 sequitur:
377 2532 428 2560 iste
449 2536 581 2568 operatur
602 2540 652 2569 per
674 2532 770 2566 illum,
792 2540 858 2568 ergo
883 2532 967 2560 haiiet

122 2578 273 2615 potentiam
294 2578 329 2607 ab
350 2578 398 2606 illo
419 2579 477 2607 sive
498 2586 548 2616 per
570 2579 667 2607 illum:
690 2586 757 2616 ergo
778 2581 829 2607 etc.

187 2728 193 2742 ¹
211 2728 266 2751 Cod.
285 2729 303 2750 M
321 2729 397 2751 adiicit
413 2729 467 2758 ipse.

185 2766 194 2780 ²
213 2767 261 2789 Vat.
279 2772 332 2789 cum
350 2768 401 2789 eod.
419 2773 445 2789 co
462 2774 531 2797 quem
547 2767 604 2791 elicit
617 2774 661 2797 per
680 2767 783 2791 Verbum
799 2768 847 2791 sire
864 2768 939 2798 efficit.

185 2804 194 2819 ³
211 2804 256 2827 Ctr.
274 2806 310 2827 hie
328 2806 358 2828 lit.
376 2806 492 2834 Magistri,
510 2812 529 2829 c.
548 2807 568 2828 3.
586 2809 637 2829 text.
655 2807 744 2835 Hilarii,
762 2810 784 2829 et
801 2809 905 2835 August„
929 2807 964 2829 Vl.

123 2846 145 2865 et
160 2844 205 2866 Vll.
223 2844 251 2866 de
269 2844 331 2866 Trin.
349 2845 370 2866 in
389 2846 462 2873 initio,
480 2848 502 2867 et
518 2845 624 2868 Rieliard.
643 2846 671 2868 de
688 2846 710 2868 S.
728 2846 786 2868 Vict.
804 2847 825 2867 in
839 2846 964 2874 opusculo:

124 2882 245 2910 Quomodo
262 2883 360 2910 Spiritus
377 2886 469 2905 sanctus
485 2885 519 2905 est
536 2889 601 2906 amor
618 2884 689 2906 Patris
706 2888 728 2906 et
744 2884 799 2906 Filii.

185 2920 194 2935 ⁴¹
212 2921 271 2943 Vide
288 2928 358 2949 supra
376 2928 429 2950 pag.
454 2922 510 2950 l135,
533 2925 585 2944 nota
607 2923 628 2945 5.
644 2935 676 2939 —
692 2923 741 2945 Mox
764 2929 806 2950 pro
828 2923 901 2952 potest
923 2928 965 2951 per

123 2959 211 2982 Filium
228 2960 265 2982 ed.
286 2961 291 2981 l
313 2961 347 2983 est
359 2961 443 2989 potem
458 2967 501 2990 per
517 2961 612 2984 Filium.

1101 1881 1127 1909 4.
1150 1881 1233 1915 Item,
1259 1890 1323 1910 cum
1353 1883 1469 1911 dicitur:
1493 1884 1572 1912 Pater
1603 1889 1735 1921 operatur
1756 1894 1807 1922 per
1828 1887 1866 1915 Fi-

1023 1927 1107 1962 lium,
1129 1928 1197 1956 haee
1218 1929 1387 1965 praepositio
1404 1938 1459 1966 per
1491 1934 1539 1959 aut
1570 1931 1702 1968 importat
1722 1940 1863 1967 eausam,

1021 1977 1070 2001 aut
1091 1974 1327 2002 iitstrummztztm.
1352 1976 1409 2004 Non
1443 1976 1688 2011 instrumentum,
1711 1979 1776 2015 quia
1799 1982 1864 2008 tunc

1023 2020 1106 2048 Filius
1120 2029 1174 2048 non
1190 2029 1255 2050 vere
1276 2026 1475 2059 cooperaretur
1499 2024 1584 2057 Patri3
1605 2027 1632 2052 et
1646 2024 1757 2059 iterum,
1772 2026 1863 2054 esset⁶

1022 2066 1161 2103 indigens,
1184 2068 1206 2096 si
1227 2072 1322 2105 ageret
1352 2077 1402 2106 per
1434 2070 1664 2099 instrumentum:
1686 2080 1752 2108 ergo
1774 2072 1800 2100 in
1823 2081 1872 2107 ra·-

1021 2113 1093 2141 tione
1125 2122 1240 2143 causae.
1265 2115 1294 2143 Et
1325 2115 1346 2144 si
1375 2116 1436 2150 1100,
1465 2124 1531 2153 ergo
1553 2117 1636 2146 Filius
1664 2118 1711 2146 dat
1744 2119 1865 2155 operari

1022 2160 1109 2188 Patri:
1131 2168 1198 2197 ergo
1229 2165 1256 2190 et
1283 2162 1443 2198 potentiam
1470 2164 1602 2200 operandi
1617 2164 1635 2191 ⁷.
1659 2164 1692 2192 St*
1712 2168 1742 2193 tu
1763 2165 1863 2200 (ticos,

1021 2206 1096 2242 quod
1117 2214 1172 2234 ηο11
1194 2207 1260 2235 dicit
1281 2208 1416 2237 rationem
1438 2209 1623 2242 causalitatis.
1650 2210 1698 2238 sed
1719 2211 1864 2239 subaueto-

1022 2252 1126 2286 ritatis;
1148 2261 1211 2281 eum
1244 2261 1310 2290 ergo
1341 2255 1468 2283 similiter
1489 2255 1590 2284 haheat
1611 2257 1730 2293 Spiritus
1751 2261 1863 2286 sanetus

1021 2299 1268 2328 subauctoritatem
1291 2301 1318 2329 in
1340 2302 1497 2338 operando,
1519 2302 1591 2331 sicut
1619 2303 1717 2338 Filius,
1746 2312 1801 2341 qua.
1823 2312 1864 2332 ra-

1022 2346 1094 2373 tione
1115 2346 1218 2374 (licitur
1240 2347 1318 2375 Pater
1340 2348 1461 2384 operari
1477 2357 1531 2384 per
1553 2348 1680 2383 Filimn,
1703 2350 1800 2378 eadem
1823 2359 1864 2379 ra-

1023 2392 1095 2420 tione
1127 2396 1153 2421 et
1180 2401 1234 2429 per
1266 2393 1412 2430 Spiritum
1440 2399 1585 2423 sanction.
1615 2395 1648 2423 Sz'
1668 2396 1765 2429 dieas,
1787 2397 1862 2433 quod

1024 2439 1075 2467 hoe
1096 2442 1137 2467 est
1159 2439 1265 2468 dictum
1286 2448 1336 2477 per
1367 2441 1637 2478 appropriati01ie1113
1659 2450 1763 2479 quaero
1784 2443 1865 2471 ratio-

1024 2492 1085 2513 nem
1107 2486 1316 2522 appropriandi.
1331 2486 1401 2514 Cum
1416 2487 1490 2515 enini
1504 2488 1628 2524 operatio
1643 2488 1678 2516 sit
1699 2496 1749 2525 per
1770 2492 1863 2524 poten-

1024 2531 1104 2565 tiam,
1126 2535 1153 2560 et
1173 2533 1296 2568 potentia
1316 2533 1514 2569 approprietur
1536 2534 1624 2567 Patri,
1645 2542 1699 2562 nou
1715 2534 1792 2568 Filio,
1808 2542 1861 2562 non

1022 2586 1089 2614 ergo
1112 2578 1176 2605 Filio
1198 2579 1299 2614 poterit
1313 2579 1488 2616 appropriari
1502 2580 1511 2593 ⁸
1534 2580 1654 2617 operari
1670 2589 1724 2617 per
1743 2582 1769 2608 F
1770 2581 1860 2609 ilium.

1083 2731 1093 2745 5
1110 2731 1188 2753 Plures
1206 2731 1273 2753 codd.
1291 2734 1315 2753 ut
1333 2732 1379 2753 lW
1390 2732 1410 2754 X
1421 2732 1439 2754 Y
1451 2732 1483 2754 bb
1500 2733 1588 2755 addunt
1604 2733 1651 2755 siue
1668 2732 1697 2755 ab
1714 2732 1761 2755 illo.

1083 2769 1092 2783 ὅ
1110 2770 1211 2797 Supple:
1229 2770 1299 2792 Pater.

1082 2808 1091 2821 ⁷
1110 2808 1158 2830 Vat.
1177 2812 1268 2835 praeter
1280 2808 1349 2830 fidem
1362 2815 1416 2831 mss.
1434 2812 1456 2831 et
1467 2810 1503 2831 ed.
1526 2811 1530 2831 l
1547 2810 1628 2831 omittit
1640 2809 1760 2838 operandi,
1775 2812 1796 2831 et
1808 2816 1861 2832 111οΧ

1022 2852 1063 2873 pro
1090 2845 1284 2869 subanctora‘tatis
1304 2847 1420 2869 substituit
1446 2847 1669 2875 subauctoritatem,
1699 2849 1778 2875 paucis
1793 2848 1861 2870 codd.

1021 2884 1205 2912 suffragantibus.

1083 2923 1091 2936 Β
1109 2923 1219 2951 intellige:
1236 2924 1333 2946 Patrem.
1349 2937 1381 2941 -
1398 2925 1501 2947 Proxime
1519 2928 1570 2946 ante
1588 2931 1630 2953 pro
1656 2931 1703 2948 non
1724 2930 1779 2954 erqo
1800 2924 1860 2947 Filio

1023 2962 1071 2983 Vat.
1089 2968 1141 2984 cum
1160 2968 1205 2984 uno
1222 2965 1244 2984 et
1260 2963 1330 2985 altero
1348 2964 1398 2985 cod.
1417 2970 1463 2986 non
1480 2969 1535 2993 erqo
1553 2963 1634 2992 Pat1·i,-
1651 2964 1713 2986 salso.
