2215 3404
13 847 78 874 Notula
92 848 125 866 ad-

814 205 1000 234 DisTINCTIO
1021 206 1109 233 XXXI.
1132 207 1157 234 P.
1179 207 1208 234 lt.
1828 212 1879 241 531

139 288 178 311 est
196 285 282 311 Patris
302 288 327 311 et
346 284 407 310 Filii
426 287 450 310 et
470 284 586 318 Spiritus
605 284 698 310 sancti.
718 283 770 310 Cur
784 291 846 317 ergo
865 283 936 309 Patri
951 285 986 308 at-

140 327 265 353 tribuitur
285 327 375 354 mzc'tas
394 330 420 353 et
447 327 514 353 Filio
533 326 707 361 aequalitas?
731 327 810 352 Forte
829 326 922 352 eadem
942 333 985 352 ra-

140 370 210 396 tione
229 370 383 396 attribuitur
408 370 478 396 Patri
501 369 593 396 mettas
618 369 766 396 secundum
792 369 983 402 Augustulum,

118 410 121 413 “
139 420 192 446 qua
211 420 293 447 supra
312 413 399 439 eidem
419 412 563 439 aeternitas
582 412 731 439 secundum
750 412 894 438 Hilarituu:
921 412 984 446 quia

138 455 265 481 videlicet
282 455 359 481 Pater
379 455 415 481 ita
435 457 485 486 est,
506 458 532 481 ιι1
553 455 586 481 ab
606 455 658 482 alio
678 462 729 481 non
749 455 795 486 sit,
815 457 841 481 et
860 455 923 488 quia
942 455 985 480 Fi-

138 497 204 524 lium
229 497 321 531 genuit
339 504 421 523 unum
444 504 537 523 secum
565 497 662 529 Deum,
692 500 717 523 et
742 497 857 531 Spiritus
876 500 985 523 sanctus

138 539 172 566 ab
192 547 223 566 eo
242 539 367 574 procedit
385 547 454 566 unus
474 547 535 566 cum
555 547 587 566 eo
600 540 679 566 Deus.
702 539 795 566 enicas
815 547 877 574 ergo
898 540 923 566 in
936 540 985 566 Pa-

137 586 179 609 tre
198 590 256 609 esse
275 583 386 614 dicitur,
401 583 464 616 quia
478 590 527 609 nec
541 586 581 609 est
594 583 695 617 aliquid
710 583 795 613 aliud,
809 590 823 609 a
838 591 891 617 quo
904 584 938 609 sit
950 599 985 603 —

139 633 190 653 non
211 626 281 652 enim
295 625 328 652 ab
344 626 396 652 alio
410 629 448 652 est
458 641 493 645 —
503 633 552 652 nec
567 626 600 652 ab
614 633 645 652 eo
659 626 760 660 aliquid
774 626 815 653 vel
835 627 933 660 aliquis
946 631 983 653 est

138 669 173 695 ab
192 671 315 702 aeterno,
340 668 412 703 quod
432 676 514 695 unum
534 676 595 695 cum
616 676 646 696 eo
670 676 722 695 non
741 670 788 701 sit,
812 669 895 696 Filius
914 670 984 696 enim

138 714 164 737 et
182 711 298 745 Spiritus
318 714 426 737 sanctus
444 719 528 737 unum
549 714 609 738 sunt
628 720 690 738 eum
710 713 796 739 Patre.
816 712 892 739 Unde
910 713 987 739 Veri-

140 756 179 780 tas
199 753 247 780 ait:
268 754 323 788 qu
343 757 367 779 et
385 754 466 780 Pater
484 761 571 780 unum
590 762 684 780 sumus
695 755 713 780 ¹.

209 795 317 821 Notzcla.
332 795 447 822 Hilarius
462 796 487 822 in
501 795 570 822 libro
584 796 617 822 de.
631 796 747 830 Synodis
758 796 779 823 ²:
804 808 814 819 «
830 797 856 823 Si
870 797 930 831 quis
949 798 986 823 in>

136 837 294 864 nascibilem
305 841 331 864 et
343 838 400 864 sine
411 838 486 864 initio
497 838 569 865 dicat
579 838 684 871 Filium,
697 839 775 873 quasi
784 839 837 866 duo
848 840 905 866 sine
915 840 985 874 prin-

138 881 210 914 cipio
224 883 250 907 et
260 880 312 907 duo
324 881 491 907 innascibilia
502 884 528 907 et
540 882 593 908 duo
607 882 696 908 innata
710 882 802 908 dicens
819 882 886 908 duos
905 883 985 909 faciat

138 923 216 949 deos:
236 923 377 950 anathema
399 924 440 949 sit.
463 923 548 958 Caput
562 925 645 957 enim,
667 924 739 958 quod
762 928 801 950 est
820 925 983 959 principium

137 966 269 997 omnium,
283 966 377 996 Filius;
391 969 473 1000 caput
486 969 587 998 autem,
602 966 674 1000 quod
688 970 727 993 est
739 967 901 1001 principium
913 967 984 993 Chri-

137 1008 183 1040 sti,
197 1009 275 1035 Deus.
289 1008 332 1035 Sic
347 1009 416 1035 enim
430 1009 464 1035 ad
479 1017 560 1035 unum
575 1010 733 1036 ininitiabile
747 1010 865 1036 omnium
880 1011 984 1037 initium

136 1058 185 1085 per
198 1051 295 1078 Filium
308 1052 432 1078 universa
446 1052 595 1079 referimus.
615 1053 711 1079 Filium
727 1053 911 1080 Innascibilem
924 1061 985 1080 con-

136 1094 218 1126 fiteri,
239 1095 427 1128 impiissimum
447 1098 494 1121 est.
514 1095 567 1121 Iam
588 1096 657 1121 enim
678 1103 729 1122 non
744 1096 794 1122 erit
812 1097 883 1123 Deus
902 1104 983 1128 unus,

137 1137 201 1170 quia
220 1138 304 1163 Deum
324 1145 406 1164 unum
426 1138 591 1172 praedicari.
612 1142 707 1165 natura
726 1140 805 1165 unius
819 1140 984 1166 innascibilis

137 1180 184 1206 Dei
198 1179 288 1212 exigit.
302 1180 368 1206 Cum
380 1187 442 1213 ergo
454 1181 524 1207 Deus
538 1189 607 1207 unus
620 1182 661 1213 sit,
676 1182 729 1208 duo
744 1182 915 1209 innascibiles
926 1190 983 1209 esse

137 1230 190 1249 non
209 1226 334 1256 possunt3
355 1230 416 1249 cum
436 1223 537 1250 idcirco
558 1225 628 1250 Deus
648 1232 717 1251 unus
730 1225 812 1251 sit—
825 1233 885 1252 cum
906 1226 983 1252 Pater

138 1264 209 1291 Deus
219 1264 261 1297 sit,
271 1267 296 1290 et
308 1265 391 1291 Filius
404 1265 452 1291 Dei
472 1266 543 1292 Deus
554 1266 588 1291 sit
597 1281 633 1285 —
643 1267 705 1300 quia
719 1267 913 1294 innascibilitas
926 1268 982 1294 sola

136 1314 219 1341 penes
248 1315 329 1333 unum
358 1308 400 1333 sit.
426 1308 509 1334 Filius
538 1312 626 1335 autem
647 1309 747 1336 idcirco
768 1310 852 1342 Deus,
872 1311 935 1344 quia
950 1318 982 1337 ex

137 1350 288 1376 innascibili
308 1351 423 1378 essentia
442 1354 520 1378 natus
534 1352 637 1378 existat.
656 1352 768 1387 Respuit
788 1360 851 1386 ergo
871 1354 984 1380 innasci-

136 1392 217 1419 bilem
237 1393 334 1419 Filium
354 1393 505 1427 praedicari
522 1394 588 1420 tides
607 1398 711 1427 sancta,
731 1398 760 1422 ut
777 1403 827 1429 per
841 1404 921 1422 unum
943 1397 983 1422 in-

136 1435 293 1462 nascibilem
313 1436 397 1462 Deum
417 1444 499 1463 unum
519 1437 603 1464 Deum
628 1438 782 1471 praedicet,
811 1442 840 1465 ut
859 1443 981 1466 naturam

137 1479 309 1511 unigenitam,
324 1486 356 1505 ex
370 1479 520 1505 innascibili
539 1481 655 1514 genitam
675 1481 804 1513 essentia,
828 1482 853 1508 iu
874 1489 926 1508 uno
946 1483 982 1508 in-

136 1521 273 1548 nascibilis
286 1522 333 1548 Dei
347 1522 453 1549 nomine
467 1523 670 1556 complectatur.
680 1523 766 1558 Caput
779 1525 849 1550 enim
863 1525 981 1552 onmium

136 1564 219 1591 Filius
238 1567 291 1597 est,
311 1564 358 1591 sed
372 1569 454 1599 caput
472 1565 531 1591 Filii
545 1566 616 1592 Deus
636 1570 688 1597 est,
703 1570 728 1593 et
747 1567 779 1593 ad
795 1575 877 1594 unum
897 1569 980 1594 Deum

136 1607 224 1634 onmia
247 1607 299 1634 hoe
318 1608 404 1641 gradu
424 1611 449 1634 et
473 1609 525 1635 hac
549 1609 714 1636 consessione
732 1610 894 1643 referuntur,
920 1619 981 1638 cum

136 1650 169 1676 ab
189 1657 220 1676 eo
245 1653 351 1676 sumant
377 1651 502 1677 universa
527 1652 703 1686 principium,
729 1653 773 1679 cui
801 1653 857 1687 ipse
884 1654 983 1687 princi-

136 1693 211 1726 pium
230 1693 301 1718 sit».
320 1692 392 1719 Idem
412 1693 437 1719 in
458 1694 569 1720 eodem:
595 1694 747 1721 «Omnibus
773 1696 903 1722 creaturis
922 1696 982 1722 sub-

136 1735 259 1762 stantiam
280 1735 403 1762 voluntas
421 1736 468 1763 Dei
488 1737 588 1769 attulit,
608 1737 653 1764 sed
674 1741 797 1764 naturam
822 1739 897 1764 dedit
915 1739 981 1765 Filio

136 1785 169 1804 ex
189 1778 340 1804 innascibili
354 1786 450 1805 aenon
471 1782 532 1806 nata
552 1780 700 1807 substantia
712 1781 831 1815 perfecta
849 1782 981 1808 nativitas.

136 1821 209 1848 Talia
229 1822 298 1848 enim
318 1825 414 1848 cuncta
428 1826 517 1849 creata
537 1827 610 1855 sunt,
630 1824 719 1858 qualia
733 1825 803 1851 Deus
818 1832 875 1851 esse
890 1825 981 1851 voluit.

135 1865 218 1891 Filius
238 1868 326 1891 autem
346 1868 424 1891 natus
443 1873 476 1892 ex
495 1866 549 1892 Deo
569 1866 690 1892 subsistit
715 1867 785 1899 talis,
805 1868 892 1901 qualis
911 1868 981 1894 Deus

136 1911 189 1940 est,
209 1915 258 1934 nec
278 1908 434 1934 dissimilem
453 1909 493 1935 sui
514 1909 598 1935 edidit
616 1912 711 1936 natura
725 1913 861 1941 naturam;
882 1911 928 1937 sed
948 1918 981 1938 ex

136 1950 284 1977 substantia
303 1951 350 1977 Dei
369 1951 474 1984 genitus
497 1955 608 1978 naturae
626 1953 774 1979 secundum
795 1953 923 1986 originem
947 1957 982 1980 at-

137 1992 195 2018 tulit
222 1993 381 2026 essentiam,
410 2001 461 2020 non
487 1995 633 2021 secundum
660 1999 810 2022 creaturam
839 1996 982 2023 voluntatis

137 2037 279 2063 essentiam
293 2048 317 2062 υ.

500 2123 560 2150 ΟΑΡ.
579 2124 622 2151 IV.

233 2209 321 2239 Quare
340 2208 420 2234 Pater
439 2213 462 2234 et
480 2208 569 2235 Ft'cms
589 2208 716 2235 [liccmtm-
735 2218 788 2236 esse
805 2218 887 2236 unum

325 2250 367 2276 vel
385 2258 454 2277 unus
472 2251 558 2283 Deus,
578 2251 624 2277 sed
642 2260 698 2278 ‘nrm
718 2260 794 2279 unus.

208 2335 255 2361 Hic
275 2335 328 2361 dici
348 2339 464 2370 oportet,
484 2337 555 2371 quod
576 2338 652 2364 Pater
672 2340 694 2364 et
721 2338 804 2365 Filius
823 2342 849 2365 et
868 2338 983 2373 Spiritus

137 2380 245 2403 sanctus
265 2381 337 2404 reete
359 2378 485 2405 (licuntur
504 2386 562 2405 esse
581 2388 668 2406 imum
688 2383 713 2406 et
732 2388 803 2407 muts
829 2381 915 2411 Deus,
936 2381 983 2407 sed
1011 2389 1012 2396 ι

138 2427 190 2446 non
211 2428 289 2446 unus.
303 2421 354 2447 Res
373 2422 443 2447 enini
457 2422 526 2448 duae
546 2423 587 2449 vel
607 2423 698 2456 plures
711 2426 784 2450 recte
803 2427 916 2458 possunt
929 2423 982 2450 dici

139 2470 222 2488 tantem
244 2470 315 2495 esse,
335 2464 356 2489 si
376 2464 428 2490 sint
447 2464 526 2490 unius
544 2466 689 2499 essentiae,
715 2469 740 2492 et
760 2473 851 2492 earum
872 2474 924 2493 una
950 2468 984 2493 sit

139 2508 241 2531 natura.
265 2506 337 2532 Unus
358 2509 447 2532 autem
468 2507 508 2533 vel
528 2516 583 2534 zona
597 2516 648 2534 uon
668 2512 757 2542 potest
776 2509 827 2536 diei
843 2509 876 2535 de
895 2510 984 2536 diver—

138 2548 174 2574 sis
193 2549 287 2581 reluffl,
308 2550 356 2575 nisi
383 2550 511 2582 addatur,
531 2550 597 2586 quiet
623 2560 692 2578 unm
711 2552 753 2578 vel
782 2560 847 2585 una;
869 2560 921 2586 quo
941 2552 984 2578 ad>

204 2814 209 2827 ¹
229 2814 287 2836 ioan.
311 2815 343 2842 lO,
362 2815 397 2837 30.

203 2852 211 2866 *²
228 2853 354 2880 Propositio
373 2854 409 2876 26.
427 2860 448 2876 n.
466 2854 503 2876 59.
521 2855 557 2883 60,
575 2860 596 2877 et
609 2862 708 2884 sequens
720 2857 784 2879 iocus
795 2860 830 2879 ost
841 2863 934 2885 propos.
948 2857 983 2879 24.

140 2897 161 2913 n.
180 2892 216 2913 57¹8,
236 2892 256 2913 ln
275 2893 378 2920 originali
396 2899 426 2915 em
444 2893 582 2922 impassibile?
598 2901 640 2922 pro
657 2901 688 2917 (ππ
705 2895 844 2919 innascibili.

203 2930 212 2945 3
230 2931 295 2953 Num.
315 2931 339 2960 ul,
357 2932 398 2954 sed
415 2932 521 2959 pluribus
538 2940 549 2954 a
568 2934 675 2961 Magistro
693 2935 834 2962 interpolatis
852 2938 873 2956 et
884 2936 983 2956 mutatis.

204 2969 212 2983 4
229 2971 243 2991 l.
261 2969 312 2992 Cor.
330 2971 350 2998 3,
364 2971 384 2992 S.
403 2972 507 3000 Sequens
524 2972 587 2994 locus
604 2977 637 2994 cst
650 2973 704 2995 ibid.
718 2980 736 2995 0.
755 2974 775 3001 ss,
794 2974 824 2995 17.
835 2972 937 2995 —Cirru
960 2973 984 2995 ti-

1040 282 1109 314 dito,
1130 286 1201 309 reete
1226 287 1314 317 potest.
1332 284 1385 311 dici
1410 285 1442 311 (10
1466 286 1547 312 rebus
1566 290 1591 312 et
1610 287 1689 313 unius
1712 291 1737 314 et
1761 289 1884 316 diversae

1039 325 1211 352 substantiae.
1226 326 1301 353 Unde
1314 327 1478 361 Augustinus
1491 328 1516 354 in
1530 332 1605 355 sexto
1625 329 1693 356 libro
1707 330 1740 357 de
1757 331 1884 358 Trinitate
1894 340 2015 363 Augustinus.

1040 368 1159 401 capitulo
1179 368 1277 394 terti0³
1297 370 1334 395 ait
1352 370 1405 395 sic:
1431 381 1442 392 ιε
1454 370 1565 402 Nescio,
1584 375 1674 397 utrum
1694 373 1844 400 inveniatur
1858 375 1882 400 in

1039 410 1186 444 Scripturis
1206 411 1319 443 dictum,
1333 420 1420 438 unum
1438 417 1516 443 sum,
1535 421 1649 447 quorum
1664 418 1703 441 est
1721 415 1826 442 diversa
1840 424 1886 443 na—

1041 456 1109 479 tura.
1129 454 1156 480 Si
1175 457 1264 480 autem
1285 458 1310 481 et
1333 455 1422 489 aliqua
1442 456 1520 490 plura
1540 457 1593 482 sint
1616 456 1733 483 eiusdem
1753 462 1884 490 uatem-cce,

1041 499 1067 522 et
1079 495 1187 522 diversa
1205 496 1336 527 sentiam,
1350 505 1402 524 non
1416 502 1478 524 sunt
1491 506 1581 529 unum,
1596 499 1622 525 in
1637 503 1765 533 quantum
1779 501 1884 527 diversa

1040 540 1165 566 sentiunt.
1185 539 1250 565 Cum
1270 547 1332 573 ergo
1346 541 1385 566 sie
1404 541 1503 567 dieitur
1521 549 1625 572 unum,
1645 546 1738 569 utnon
1759 544 1884 575 addatur,

1040 581 1108 616 quid
1126 590 1232 612 unum,
1258 585 1284 608 ct
1308 583 1387 616 plura
1406 591 1489 609 unum
1508 584 1647 616 dicuntur,
1671 585 1763 611 eadem
1790 589 1883 613 natura

1041 628 1121 659 atque
1141 626 1270 657 essentia,
1291 633 1342 652 non
1362 626 1494 653 dissidens
1513 634 1599 661 neque
1613 628 1771 654 dissentiens
1790 629 1885 661 signiti-

1040 671 1117 694 catur
1130 679 1154 694 ».
1179 668 1279 695 «Unde
1298 669 1396 695 Paulus
1415 673 1440 696 et
1459 670 1566 703 Apollo,
1586 671 1631 705 qui
1652 674 1677 697 et
1700 671 1778 697 ambo
1799 672 1885 698 homi-

1040 718 1087 737 nes
1100 714 1176 737 erant
1189 714 1215 737 ct
1234 711 1304 737 idem
1318 711 1478 743 sentiebant,
1493 720 1574 738 unum
1595 720 1653 739 esse
1666 713 1805 746 dicuntur,
1822 722 1884 741 cum

1040 754 1150 780 dicitur:
1177 754 1230 786 chz'
1249 754 1359 788 plantat
1383 759 1406 781 et
1425 755 1474 789 qui
1497 755 1568 790 risset
1587 764 1672 782 umam
1698 757 1793 783 suut&
1819 757 1882 784 Cum

1041 803 1104 823 vero
1124 796 1245 829 additur,
1265 796 1332 831 qm'd
1350 805 1452 827 tonum,
1466 800 1553 831 potest
1571 798 1715 832 significari
1736 799 1836 833 aliquid
1851 808 1884 827 ex

1040 839 1164 873 pluribus
1183 846 1265 865 unum
1285 840 1395 871 factum,
1415 841 1538 874 quainvis
1564 841 1669 869 diversa
1690 846 1796 869 natura:
1815 844 1884 869 sicut

1041 883 1129 908 anima
1149 885 1174 908 et
1192 889 1292 916 corpus
1311 890 1362 909 non
1376 887 1488 917 possunt
1505 885 1597 918 utique
1610 885 1662 911 dici
1683 893 1763 912 unum
1775 887 1884 921 —quid

1040 925 1110 951 enim
1132 928 1183 951 tam
1198 925 1351 951 diversum?
1364 941 1399 944 —
1412 926 1460 951 nisi
1476 926 1591 952 addatur
1603 927 1644 953 vel
1657 928 1883 961 subintelligatur.

1040 967 1107 1003 quid
1125 976 1229 998 ummz,
1250 968 1275 993 id
1297 971 1336 994 est
1356 976 1424 994 unus
1443 969 1530 995 bomo.
1551 970 1626 996 Unde
1645 971 1805 1004 Apostolus:
1833 972 1885 1003 Qui

1040 1010 1183 1041 adlinet-ec,
1205 1011 1302 1045 inquit,
1328 1011 1459 1042 Domino,
1479 1020 1550 1038 unus
1568 1012 1681 1047 spiritus
1707 1018 1750 1040 est.
1770 1014 1827 1040 Non
1848 1015 1885 1041 di-

1039 1054 1093 1080 xit:
1112 1062 1184 1080 muts
1212 1058 1265 1085 esc,
1285 1054 1327 1081 vel
1352 1062 1439 1081 tamum
1458 1059 1537 1085 suut,
1561 1056 1608 1082 sed
1634 1056 1737 1082 addidit
1760 1056 1883 1092 epti-itus.

1039 1097 1142 1122 Diversi
1163 1100 1223 1123 suut
1243 1097 1311 1123 enim
1338 1100 1432 1124 natura
1458 1098 1568 1131 spiritus
1587 1098 1705 1125 lzomz'mls-
1729 1102 1755 1125 01
1774 1100 1883 1133 spiritus

1039 1138 1104 1169 Dei,
1124 1139 1171 1165 scd
1191 1139 1355 1166 inhaerendo
1375 1140 1403 1165 fit
1422 1140 1532 1174 spiritus
1551 1141 1666 1167 hominis
1686 1149 1754 1167 unus
1773 1142 1883 1175 spiritus

1010 1205 1012 1212 ,
1039 1189 1100 1208 cum
1120 1183 1219 1213 Deo»,
1238 1182 1299 1216 quia
1325 1183 1460 1216 particeps
1479 1184 1507 1209 tit
1527 1184 1645 1210 veritatis
1665 1188 1690 1210 et
1712 1184 1883 1211 beatitudinis

1038 1225 1118 1252 illius,
1138 1225 1165 1251 Si
1185 1233 1247 1259 ergo
1267 1226 1300 1251 de
1319 1226 1363 1252 liis
1384 1233 1453 1260 quae
1473 1227 1595 1253 diversae
1618 1227 1782 1254 substantiae
1807 1232 1882 1257 sunt,

1038 1271 1111 1294 reete
1130 1268 1238 1300 dieitur,
1264 1269 1335 1302 quod
1362 1269 1414 1295 sint
1432 1277 1503 1295 rmus
1522 1269 1650 1303 spiritus,
1674 1274 1773 1304 quanto
1799 1272 1882 1304 magis

1038 1311 1084 1344 qui
1104 1311 1183 1337 unius
1202 1311 1366 1338 substantiae
1394 1315 1455 1338 sunt
1474 1316 1546 1338 recte
1565 1313 1691 1340 dicuntur
1719 1322 1787 1340 unus
1815 1314 1882 1340 Deus

1038 1355 1111 1380 esse?
1137 1355 1236 1380 «Pater
1256 1362 1318 1388 ergo
1339 1358 1364 1381 et
1382 1355 1465 1381 Filius
1485 1363 1565 1381 unum
1586 1359 1658 1387 sunt,
1679 1357 1771 1390 utique
1788 1364 1883 1383 secun-

1037 1396 1101 1422 dum
1121 1397 1248 1422 unitatem
1268 1397 1446 1428 substantiae,
1467 1400 1492 1423 ct
1511 1405 1579 1424 unus
1605 1398 1710 1425 Deus».
1735 1399 1760 1425 ln
1785 1407 1837 1433 quo
1858 1403 1883 1426 et

1037 1439 1146 1465 Ariana
1165 1440 1284 1466 haeresis
1302 1440 1457 1471 damnatur,
1477 1448 1546 1474 quae
1571 1441 1674 1468 Patrem
1694 1446 1719 1468 et
1738 1443 1833 1469 Filium
1858 1446 1883 1470 et

1037 1481 1165 1515 Spiritum
1185 1486 1321 1513 sanctum,
1342 1486 1370 1508 ut
1390 1483 1427 1509 ait
1446 1483 1608 1517 Augustinus
1631 1484 1657 1509 in
1677 1484 1744 1510 libro
1765 1485 1797 1511 (10
1817 1486 1884 1512 Hae-

1038 1524 1175 1556 resiluisfi,
1195 1532 1247 1551 non
1267 1525 1324 1551 vult
1343 1532 1400 1551 esse
1424 1525 1502 1551 unius
1526 1526 1699 1560 eiusdemque
1719 1527 1883 1554 substantiae

1038 1570 1118 1601 atque
1133 1571 1243 1594 naturae
1254 1568 1307 1599 vel,
1321 1571 1350 1594 ut
1363 1569 1516 1602 expressius
1527 1569 1643 1600 dicatur,
1657 1570 1799 1601 essentiae,
1813 1578 1882 1604 quae

1038 1610 1139 1637 Graece
1158 1610 1257 1637 dicitur
1283 1610 1358 1641 usia,
1380 1611 1425 1637 sed
1452 1611 1546 1637 Filium
1567 1619 1624 1638 esse
1650 1616 1809 1639 ereaturam.
1829 1613 1883 1639 Nec

1038 1660 1089 1679 non
1110 1656 1134 1679 ct
1155 1652 1324 1684 Scabellz'mzct,
1344 1662 1427 1688 quae,
1446 1657 1475 1680 ut
1500 1654 1537 1680 ait
1556 1654 1718 1688 Augustinus
1746 1656 1770 1681 in
1791 1656 1883 1682 eodem

1037 1695 1120 1726 libro,
1141 1695 1262 1727 dicebat,
1288 1696 1420 1723 Christum
1441 1697 1554 1723 eundem
1573 1697 1661 1731 ipsum
1685 1700 1710 1723 et
1729 1698 1832 1724 Patrem
1858 1702 1884 1724 et

1037 1738 1165 1772 Spiritum
1185 1742 1305 1765 sanctum
1326 1746 1392 1771 esse,
1413 1742 1441 1764 ut
1460 1743 1529 1765 055οι
1548 1739 1652 1765 trinitas
1671 1739 1812 1766 nominum
1827 1741 1883 1767 sine

1037 1780 1208 1807 subsistentia
1231 1788 1420 1815 persomrum.
1451 1792 1461 1803 ι(
1482 1781 1627 1815 Utramque
1652 1785 1772 1815 pestem,
1795 1785 1822 1807 ιι1
1847 1782 1883 1807 ait

1037 1823 1201 1856 Augustinus
1221 1831 1302 1857 super
1314 1824 1438 1850 Ioannem
1450 1824 1474 1855 ⁶,
1494 1824 1568 1850 elidit
1580 1824 1685 1851 Veritas
1699 1824 1806 1850 dicens:
1827 1825 1882 1858 qu

1037 1870 1060 1892 et
1079 1867 1159 1892 Pale)-
1180 1874 1263 1892 unum
1283 1874 1385 1892 summ.
1406 1867 1554 1900 Utrumque
1575 1867 1635 1893 audi
1672 1870 1697 1893 et
1725 1867 1833 1893 adverte
1858 1870 1880 1893 et

1036 1917 1144 1939 temnunt,
1165 1912 1190 1935 et
1209 1917 1319 1939 sumus,
1344 1912 1370 1935 et
1389 1916 1403 1935 a
1423 1909 1557 1943 Charybdi
1584 1913 1610 1935 et
1637 1917 1651 1936 a
1681 1910 1769 1944 Scylla
1789 1910 1883 1936 liberau

1037 1953 1117 1979 beris.
1137 1952 1212 1983 Quod
1227 1953 1296 1978 enim
1311 1952 1378 1978 dixit
1391 1960 1494 1982 umam,
1515 1952 1609 1978 liberat
1624 1956 1648 1978 te
1662 1953 1694 1979 ab
1715 1953 1789 1981 Ario:
1810 1953 1881 1986 quod

1038 1996 1105 2022 dixit
1123 2003 1233 2025 smnus,
1254 1995 1349 2021 liberat
1364 1998 1386 2021 te
1407 2002 1422 2021 a
1441 1995 1565 2022 Sabellio.
1584 1995 1610 2021 Si
1629 2003 1733 2021 amun.-
1753 2003 1815 2028 ergo
1830 2003 1881 2021 non

1038 2038 1188 2070 diversum;
1209 2038 1354 2064 sistimus:
1375 2046 1437 2072 ergo
1457 2039 1534 2064 Pater
1553 2042 1577 2065 et
1590 2039 1681 2065 Filius.
1702 2040 1799 2065 sunm.»-
1812 2040 1880 2065 enim

1037 2089 1090 2108 uon
1109 2082 1212 2108 diceret
1225 2081 1258 2107 dc
1278 2088 1346 2112 uno,
1367 2089 1415 2107 nec
1428 2090 1514 2108 *zozztm
1535 2082 1568 2108 de
1581 2082 1696 2108 diverso.
1716 2082 1881 2108 Erubeseant

1038 2131 1101 2157 crgo
1114 2124 1270 2157 Sabelliani,
1284 2124 1330 2158 qui
1349 2124 1454 2157 dieunt,
1469 2124 1555 2158 ipsum
1576 2131 1633 2150 esse
1645 2125 1763 2155 Patrem,
1783 2126 1827 2159 qui
1843 2128 1882 2151 est

1038 2167 1134 2198 Filius,
1154 2167 1346 2193 confundentes
1364 2175 1505 2201 personas,
1524 2168 1569 2201 qui
1589 2171 1612 2193 et
1633 2167 1697 2193 dicti
1723 2171 1784 2194 sunt
1802 2169 1882 2194 Patri-

1038 2210 1169 2244 passiani‚
1193 2210 1258 2243 (Ῑιιί7
1286 2210 1392 2243 dieunt,
1418 2210 1522 2236 Patrem
1547 2210 1628 2236 fuisse
1653 2217 1770 2244 passum.
1791 2212 1879 2237 Ariani

1038 2260 1102 2279 vero
1115 2253 1220 2284 dicunt,
1234 2253 1306 2279 aliud
1326 2253 1429 2279 Patrem
1444 2260 1513 2282 esse,
1528 2253 1598 2279 aliud
1614 2253 1721 2285 Filium,
1736 2261 1787 2280 non
1802 2262 1880 2280 uuam

1038 2296 1226 2327 substantiam,
1245 2296 1291 2323 sed
1311 2296 1389 2327 duas;
1403 2297 1507 2322 Patrem
1528 2297 1667 2328 maiorem,
1686 2297 1781 2323 Filium
1801 2298 1882 2323 mino-

1039 2346 1103 2365 rem.
1122 2338 1180 2365 Noli
1202 2339 1252 2364 line
1273 2338 1377 2369 dicere,
1398 2341 1424 2364 tu
1444 2338 1588 2365 catholice!
1608 2339 1635 2364 In
1656 2339 1742 2365 medio
1763 2347 1825 2371 (Ji-go
1840 2346 1882 2365 na-

1039 2381 1109 2415 viga,
1130 2384 1273 2415 utrumque
1286 2381 1466 2415 periculosum
1487 2381 1555 2408 latus
1569 2381 1670 2408 devita*
1683 2384 1708 2408 et
1731 2382 1785 2407 dic:
1806 2382 1882 2408 Pater

1038 2428 1115 2458 pater
1135 2427 1185 2455 est,
1206 2427 1231 2450 ct
1250 2424 1332 2450 Filius
1345 2424 1415 2450 filius
1435 2427 1484 2450 est:
1505 2424 1576 2450 (clius
1589 2425 1678 2455 Pater,
1698 2424 1769 2450 catius
1787 2424 1881 2453 Filius,

1039 2467 1085 2493 sed
1101 2474 1152 2492 non
1167 2466 1256 2497 allud,
1270 2467 1350 2493 inuno
1365 2467 1416 2493 hoc
1439 2467 1535 2501 ipsum,
1555 2467 1617 2500 quia
1640 2474 1708 2492 unus
1730 2467 1833 2493 Deus».
1846 2482 1881 2485 --

1038 2510 1108 2536 Eece
1121 2512 1256 2535 ostensum
1276 2512 1329 2540 est,
1350 2517 1433 2543 quare
1447 2510 1534 2535 unitas
1553 2510 1579 2535 in
1598 2509 1675 2536 Patre
1689 2516 1746 2535 csse
1761 2509 1879 2540 dicatur,

1040 2560 1099 2579 cun]
1122 2556 1174 2578 tres
1193 2552 1231 2578 illi
1251 2560 1333 2578 unum
1353 2552 1413 2579 sint.

1012 2818 1013 2842 1
1039 2824 1091 2840 neni
1109 2819 1177 2839 liuius
1195 2821 1267 2839 textus
1284 2818 1404 2845 Augustini
1423 2821 1474 2839 ante
1491 2818 1513 2839 et
1530 2823 1591 2839 unux
1609 2816 1671 2838 Deus
1694 2817 1743 2837 Yat.
1761 2822 1813 2837 vum
1833 2816 1879 2843 plu-

1011 2843 1013 2888 1
1039 2856 1104 2878 ribus
1121 2856 1173 2877 edd.
1191 2855 1304 2878 esseutiae
1321 2861 1363 2883 pro
1379 2855 1532 2878 substantiae.

1103 2895 1112 2909 5
1128 2896 1174 2916 Art.
1196 2895 1233 2921 lt),
1253 2901 1352 2922 sequens
1370 2895 1433 2916 loeus
1451 2897 1483 2916 est
1500 2897 1541 2915 art.
1560 2894 1595 2915 3G.
1614 2896 1635 2915 et
1653 2893 1689 2915 »1-1.

1102 2933 1111 2948 ⁶
1129 2934 1204 2955 Traet.
1223 2933 1259 2954 36.
1278 2939 1298 2954 n.
1317 2934 1337 2954 9.

1102 2972 1111 2986 7
1128 2972 1184 2994 Eud.
1207 2972 1224 2999 l,
1238 2973 1258 2999 2,
1272 2972 1292 2999 3,
1306 2971 1326 2999 4,
1339 2972 1360 2997 ὅ,
1373 2972 1394 2999 G,
1408 2972 1428 2999 8,
1442 2972 1454 2993 {t
1472 2971 1534 3000 qum.

1896 1450 1968 1467 Ariani.

1897 1667 2005 1685 Sabelliani.
