2215 3404
210 996 278 1019 Opinio
294 996 308 1013 l.

210 1210 278 1233 Opinio
291 1210 308 1227 -2,

221 1467 309 1485 Hilarius.

325 229 380 256 554

321 305 390 331 sieut
410 305 487 331 Pater
507 308 544 331 est
559 304 629 330 Deus
644 304 788 338 ingenitus,
809 307 835 329 et
854 303 937 329 Filius
957 306 996 329 est
1009 303 1080 329 Deus
1099 303 1169 337 geni-

323 351 378 379 tus,
399 354 484 381 neque
506 348 575 374 Deus
588 347 692 380 ¹genitus
717 350 755 372 est
776 347 846 372 Deus
869 346 1015 380 ingenitus;
1037 353 1087 371 non
1109 345 1168 371 ideo

323 393 410 416 tamen
430 390 498 416 alius
512 390 582 416 Deus
601 392 641 416 est
654 390 741 420 Pater,
756 389 825 416 alius
838 389 935 420 Filius,
955 388 1001 415 sed
1016 396 1085 415 unus
1099 389 1170 414 Deus

322 436 447 466 uterque,
468 440 518 458 non
533 435 621 458 autem
642 439 718 458 nnus.
731 432 806 458 Alius
826 435 865 458 est
879 432 949 458 enim
966 432 1082 465 genitus,
1102 431 1170 457 alius

323 476 466 509 ingenitus,
495 475 542 502 sed
569 483 620 502 non
647 475 714 502 alius
738 476 821 506 Deus,
848 475 929 501 immo
955 478 1067 508 uterque
1088 481 1169 500 unum

322 518 378 544 sive
399 526 468 544 unus
488 518 565 545 Deus.
585 518 622 544 lta
643 525 694 544 non
715 521 755 544 est
774 517 904 552 sapientia
926 518 1014 551 genita
1038 517 1169 551 sapientia

322 561 450 595 ingenita,
464 561 509 587 sed
525 561 576 587 alia
590 564 629 587 est
642 561 773 595 sapientia
787 561 890 594 genita,
905 560 956 587 alia
971 560 1100 594 ingenita,
1116 566 1168 585 non

323 607 361 630 est
383 607 469 630 tamen
489 604 541 630 alia
560 604 706 638 sapientia,
726 604 773 630 sed
792 611 845 630 una
859 603 1008 638 eademque
1028 602 1169 636 sapientia.

682 688 744 715 Car.
764 689 805 715 ΙΙΙ,

370 774 416 800 Αη
436 773 525 800 Filius
544 773 578 800 sil
597 773 705 809 sapiens
724 782 750 800 se
771 773 828 808 ipso
847 774 891 800 vel
907 782 956 808 per
974 781 1001 799 se
1020 773 1119 808 ipsimi.

394 861 433 887 Ex
450 860 596 895 praedietis
616 863 731 893 constat,
752 861 822 894 quod
844 860 926 887 Filius
941 868 991 886 non
1006 863 1044 886 est
1064 859 1172 893 sapiens

322 912 338 929 a
357 912 383 929 se
403 910 490 937 neque
509 902 540 929 de
559 911 599 933 se,
620 903 666 929 sed
687 910 701 929 a
722 903 799 929 Patre
820 906 845 929 et
858 903 891 929 de
911 903 996 929 Patre.
1016 902 1113 933 Quaeri
1128 909 1172 928 au-

324 950 375 973 tem
395 946 476 977 solet,
497 949 584 972 utrum
606 946 688 971 Filius
707 946 741 972 sit
765 946 873 980 sapiens
890 954 917 972 se
937 945 993 979 ipso
1014 945 1055 971 vel
1078 954 1127 980 per
1146 954 1172 972 se

323 988 421 1024 ipsum.
431 1004 466 1008 —
476 989 589 1020 Quidam
603 989 703 1020 dieunt,
714 989 891 1023 multiplicem
902 989 945 1015 liic
957 989 1012 1015 lieri
1026 988 1173 1023 intelligen-

324 1033 401 1063 tiam,
422 1035 447 1058 et
467 1032 527 1058 ideo
556 1032 774 1066 distinguendum
800 1032 868 1064 fore,
889 1032 925 1058 ita
945 1034 985 1064 ut,
1005 1038 1066 1057 eum
1087 1031 1172 1057 dieis,

324 1076 418 1101 Filium
439 1082 496 1101 esse
510 1075 659 1109 sapientem
678 1083 704 1100 se
725 1074 781 1109 ipso
803 1075 844 1101 vel
860 1083 912 1109 per
925 1083 951 1100 se
965 1074 1070 1109 ipsum,
1090 1075 1111 1100 si
1132 1075 1171 1101 sui

323 1121 417 1144 natura
438 1121 461 1143 et
483 1118 596 1144 essentia
616 1117 764 1151 sapientem
785 1117 931 1150 intelligas,
952 1125 1031 1144 verus
1049 1118 1079 1143 sit
1103 1117 1174 1143 intel-

323 1161 419 1190 lectus:
440 1161 461 1187 si
482 1168 544 1187 vero
564 1168 580 1186 [ι
599 1168 625 1186 se
646 1159 703 1194 [pso
725 1161 765 1186 vel
780 1159 811 1186 de
831 1168 857 1186 se
871 1160 928 1195 ipso
948 1161 1095 1194 sapientem
1116 1168 1173 1187 esse

323 1204 461 1237 intelligas,
476 1203 581 1229 falsitati
596 1202 744 1228 subiectam
762 1203 845 1229 habes
857 1203 1066 1236 intelligentiam.
1077 1218 1112 1222 —
1122 1203 1173 1229 Alii

324 1254 387 1273 vero
412 1246 570 1279 simpliciter
596 1249 621 1271 et
644 1246 747 1279 absque
773 1245 996 1271 determinatione
1023 1245 1173 1271 concedunt

323 1288 476 1315 huiusmodi
491 1288 652 1314 locutiones:
673 1287 756 1314 Filius
770 1291 808 1314 est
822 1288 929 1321 sapiens
940 1296 991 1322 per
1004 1296 1046 1319 se,
1058 1288 1104 1314 sed
1122 1296 1173 1314 non

322 1340 337 1358 a
357 1340 383 1357 se
404 1332 443 1358 vel
464 1330 495 1357 (le
515 1339 558 1362 se,·
579 1334 604 1357 et
618 1331 700 1357 Filius
720 1333 760 1357 est
779 1331 850 1356 Deus
866 1338 917 1364 per
930 1338 957 1356 se
977 1334 1003 1356 et
1021 1334 1119 1364 eslper
1132 1338 1173 1361 se,

323 1375 368 1401 sed
385 1383 435 1401 non
455 1383 470 1400 r]
484 1382 510 1400 se
531 1374 571 1400 vel
585 1373 616 1399 cle
629 1382 674 1405 se,·
690 1374 740 1400 lior
761 1374 950 1400 confirmantes
964 1374 1054 1400 verbis
1067 1374 1174 1403 Hilarii,

324 1419 369 1452 qui
390 1418 485 1444 Filium
506 1425 557 1443 non
578 1425 594 1443 α
612 1425 653 1447 se,
673 1417 721 1443 sed
737 1425 787 1451 per
806 1425 832 1442 st>
852 1424 945 1450 agere,
966 1417 991 1442 in
1012 1417 1079 1443 libro
1105 1425 1173 1443 nono

324 1461 356 1487 de
376 1461 503 1487 Trinitate
516 1461 522 1473 ¹
554 1461 606 1486 ait:
635 1460 789 1491 «Naturae,
811 1460 910 1494 inquit,
938 1461 981 1486 rui
1002 1460 1173 1487 contradicis.

324 1504 473 1534 haeretice,
495 1504 560 1529 liaeo
581 1503 669 1529 unitas
689 1507 739 1533 est,
766 1506 793 1529 ut
819 1503 853 1529 ita
876 1511 927 1537 pet·
945 1512 971 1529 se
997 1507 1057 1536 agat
1077 1504 1174 1533 Filius,

325 1555 357 1573 ne
377 1556 392 1573 α
411 1555 437 1572 se
457 1550 529 1580 agat,
550 1549 573 1572 et
595 1547 631 1572 ita
652 1554 702 1572 non
723 1555 738 1572 a
753 1555 778 1572 se
799 1550 873 1579 agat,
895 1550 920 1572 ut
941 1555 990 1581 per
1009 1555 1035 1572 se
1056 1550 1124 1580 agat.
1138 1547 1174 1573 In-

327 1590 413 1624 tellige
432 1590 527 1616 Filium
549 1593 682 1621 agentem,
710 1592 734 1616 et
758 1597 806 1624 per
826 1597 884 1615 elom
913 1590 1016 1616 Patrem
1044 1593 1173 1622 agentem.
1201 1589 1203 1599 ³

326 1633 382 1660 Non
403 1642 418 1659 a
438 1642 464 1659 se
484 1634 551 1666 agit.
577 1640 638 1659 runt
658 1633 736 1659 Pater
764 1633 788 1658 in
809 1640 840 1659 eo
867 1640 975 1659 manere
996 1636 1173 1662 monstratur:

321 1684 370 1711 per
390 1684 415 1702 se
436 1676 503 1709 agit,
524 1683 584 1702 etun
605 1676 752 1702 seeundum
775 1676 940 1702 nativitatem
964 1676 1023 1702 Filii
1044 1676 1098 1710 agit
1117 1676 1174 1710 ipse.

325 1726 394 1753 quae
414 1718 511 1752 placita
532 1722 601 1745 sunt.
622 1718 743 1744 Infirmus
763 1719 796 1744 sit
823 1726 874 1745 non
895 1726 909 1745 a
929 1726 957 1745 se
977 1719 1096 1753 agenda,
1123 1719 1174 1745 nisi

325 1770 341 1789 a
360 1762 413 1788 Deo
435 1762 490 1796 ipse
512 1762 578 1795 agit:
607 1769 657 1787 non
683 1762 717 1787 sit
737 1769 800 1788 vero
826 1762 852 1787 in
879 1762 980 1788 unitate
1000 1765 1126 1792 naturae,
1152 1762 1174 1788 si

326 1812 394 1839 quae
415 1805 467 1838 agit
487 1808 510 1831 et
532 1805 556 1830 in
577 1805 676 1838 quibus
696 1805 785 1838 plaeet
804 1812 855 1831 non
876 1812 924 1838 per
941 1812 969 1831 se
989 1805 1041 1838 agit
1057 1816 1080 1831 ».
1101 1804 1174 1831 Sient

326 1855 403 1880 ergo,
425 1848 561 1881 inquiunt,
582 1847 665 1873 Filius
688 1856 737 1881 pm·
755 1856 781 1873 se
802 1848 870 1880 agit,
894 1848 941 1874 sed
962 1855 1013 1873 non
1040 1856 1055 1873 u
1075 1856 1117 1878 se,
1140 1848 1174 1874 ita

325 1891 408 1917 Filius
428 1891 506 1917 debet
527 1890 578 1916 [liei
599 1891 706 1924 sapiens
719 1899 767 1925 per
786 1899 826 1921 se,
847 1890 959 1917 sednon
980 1899 994 1917 a
1012 1899 1055 1922 se;
1075 1891 1114 1917 sie
1129 1891 1174 1917 et2
1202 1881 1203 1908 ἶ

324 1941 373 1968 per
385 1942 411 1960 se
426 1935 495 1960 Deus
515 1937 552 1960 est
568 1934 607 1960 vel
623 1941 681 1960 esse.
695 1933 825 1959 dicendus
845 1936 898 1964 est,
919 1937 944 1959 ut
960 1934 1031 1960 aiunt
1043 1954 1048 1965 ,
1061 1934 1107 1960 sed
1123 1942 1174 1960 non
1202 1940 1203 1957 Ξ

327 1985 342 2003 α
361 1985 387 2003 se
407 1977 448 2003 vet
469 1977 501 2003 (le
519 1985 554 2003 se.

688 2063 748 2089 Car.
770 2063 810 2089 [Υ.

462 2150 505 2175 An
525 2157 582 2175 <twa
603 2153 706 2175 summm
727 2148 762 2174 sil
786 2149 920 2183 ..s-asnensis!
941 2149 1041 2175 Pam-[s.

398 2235 457 2260 Post
479 2235 545 2261 haee
565 2242 578 2261 a
603 2234 763 2268 quibusdam
784 2235 851 2260 solet
877 2235 987 2268 quaeri,
1008 2238 1098 2261 utrum
1125 2242 1176 2261 una

328 2280 428 2304 tantuin
455 2277 488 2303 sit
517 2277 648 2311 sapientia
667 2277 766 2305 Patris:
796 2277 867 2311 quod
894 2285 949 2303 mm
970 2284 1027 2303 esse
1056 2278 1177 2303 nituntur

328 2321 443 2354 probare
463 2320 514 2346 hoe
535 2320 627 2346 modo:
648 2320 742 2351 Filius,
764 2320 899 2353 inquiunt,
919 2323 959 2346 est
978 2320 1109 2353 sapientia
1130 2320 1178 2346 Pa-

329 2364 376 2389 tris
389 2363 489 2397 genita,
509 2370 562 2396 qua
576 2363 653 2389 Pater
673 2363 780 2396 sapiens
795 2370 845 2389 non
861 2366 913 2388 est:
934 2366 973 2388 est
988 2363 1067 2396 igitur
1086 2363 1177 2396 aliqua

328 2406 459 2440 sapientia
479 2406 576 2433 Patris.
597 2413 649 2439 qua
669 2406 776 2439 sapiens
790 2413 842 2431 non
863 2408 915 2436 est,
937 2409 976 2431 est.
995 2410 1083 2432 antem
1098 2409 1124 2432 et
1136 2414 1178 2432 sa-

328 2449 427 2483 pientia
448 2448 533 2474 Patris
560 2448 690 2481 ingenita,
716 2451 740 2474 et
767 2455 798 2474 ea
824 2449 900 2474 Pater
927 2449 1035 2482 sapiens
1061 2452 1113 2474 est:
1139 2452 1178 2475 est

330 2499 391 2525 ergo
406 2491 538 2525 quaedam
558 2491 689 2525 sapientia
703 2491 799 2521 Patris,
820 2499 873 2525 qua
887 2492 995 2525 sapiens
1009 2494 1060 2522 est,
1081 2495 1104 2517 et
1121 2492 1176 2525 ipsa
1200 2511 1202 2514 Α

330 2542 381 2560 non
402 2537 439 2560 est
455 2534 498 2560 illa
519 2534 649 2567 sapientia
664 2534 761 2563 Patris,
782 2542 833 2568 qua
848 2534 926 2560 Pater
940 2534 1047 2568 sapiens
1061 2542 1111 2560 non
1126 2538 1176 2560 est:

330 2585 381 2603 non
394 2580 431 2603 est
443 2584 504 2611 ergo
519 2584 571 2603 una
584 2580 684 2602 tantuin
696 2577 827 2610 sapientia
841 2577 1059 2607 Patris—lieni,
1076 2577 1178 2611 sapien-

330 2621 366 2646 tia
388 2620 502 2652 ingenita
523 2623 562 2645 est
581 2620 712 2653 sapIentia
732 2620 828 2651 Patris,
848 2623 873 2645 et
886 2620 1018 2653 sapientia
1037 2620 1125 2653 genita
1140 2623 1178 2646 est

331 2663 460 2696 sapientia
482 2662 580 2690 Patris:
602 2670 653 2688 non
678 2665 715 2688 est
737 2665 826 2688 autem
846 2662 978 2696 sapientia
1005 2662 1119 2696 ingenita
1141 2669 1179 2688 sa-

331 2706 430 2739 pientia
461 2707 562 2738 genita.-
593 2713 642 2731 non
670 2709 707 2731 est
739 2705 818 2738 igitur
838 2713 889 2731 una
921 2708 1020 2731 tantum
1047 2706 1177 2739 sapientia

398 2881 401 2894 ¹
416 2882 481 2903 Nun).
495 2881 528 2902 28.
540 2881 612 2903 Editio
622 2881 689 2903 hahet
699 2882 719 2902 in
733 2882 854 2908 print-ipio:
868 2882 971 2907 Naturae,
985 2883 1023 2910 qni
1036 2883 1179 2909 contradicis,
1207 2882 1209 2888 ¹

334 2921 389 2942 liae(-
407 2921 481 2941 unitas
493 2923 533 2942 est.
547 2920 616 2941 tun-a:
633 2919 735 2949 infirmis
747 2921 773 2942 sit
787 2926 830 2941 non
844 2927 854 2941 a
868 2927 892 2942 se
905 2921 995 2948 agendo
1008 2921 1049 2942 nisi
1061 2920 1119 2943 adeo
1131 2922 1180 2948 ipse

333 2958 391 2985 agit,
409 2959 436 2979 rnt
452 2964 512 2986 quae
528 2958 578 2986 ayss!
591 2958 709 2986 placeant
722 2970 753 2974 —
764 2958 840 2980 Lectio
857 2959 956 2986 Magistri
975 2960 1049 2986 magis
1068 2960 1148 2986 placet.

396 2997 404 3010 ’Ξ
417 2997 465 3018 Vnt.
478 3003 530 3018 enni
545 2997 650 3024 pluribus
661 2997 714 3018 mist.
725 2997 786 3019 addit
797 2997 852 3026 ipse.
867 3001 885 3018 et
901 2999 970 3025 paulo
980 3002 1031 3020 ante
1043 2999 1063 3020 el
1076 3001 1126 3025 post
1140 2998 1178 3020 sla.

1013 225 1264 254 SENTENTIARUM
1287 224 1345 252 ΗΒ.
1368 225 1385 252 l.

2195 221 2201 232 ι

1230 302 1322 328 Patris.
1335 316 1371 320 —-
1385 302 1455 328 Haeo
1475 304 1500 327 et
1519 301 1561 327 his
1580 302 1676 328 similia
1698 305 1823 337 tanquam
1843 302 1989 336 sophistica
2012 305 2037 328 et
2057 310 2071 328 a
2090 310 2202 334 improbatur.

1227 345 1338 371 veritate
1358 344 1502 378 longinqua
1529 345 1687 379 cunctisque
1707 345 1731 371 in
1760 345 1891 378 theologia
1911 345 2004 379 peritis
2029 353 2073 380 pa-

1228 388 1309 413 tentia
1338 387 1494 419 abiieimus,
1523 387 1672 421 responso³
1698 387 1805 420 indigna
1835 388 2017 419 advertentes,
2046 388 2071 414 id

1227 433 1314 456 tamen
1335 430 1507 462 adiicientes,
1527 430 1589 464 quia
1616 438 1668 457 una
1689 434 1726 456 est
1749 433 1849 457 tantum
1875 431 2007 465 sapientia
2026 432 2074 458 Pa-

1227 472 1287 504 tris,
1308 472 1355 498 sed
1375 480 1425 498 non
1447 480 1499 499 uno
1520 472 1598 499 modo
1625 472 1731 499 dieitur.
1751 473 1818 499 Nam
1839 473 1969 507 sapientia
1989 474 2074 500 Patris

1226 515 1325 541 dieitur
1344 515 1388 541 illa
1409 522 1489 549 quam
1509 516 1612 549 genuit,
1632 519 1658 541 et
1676 516 1808 549 sapientia
1821 516 1905 542 Patris
1925 516 2023 543 dicitur
2043 524 2073 543 ea

1226 564 1279 591 qua
1299 557 1406 591 sapiens
1425 561 1478 584 est:
1500 558 1607 584 diversa
1621 561 1661 584 est
1680 566 1742 592 ergo
1756 559 1823 585 ratio
1843 559 1916 585 dicti.
1936 559 1989 586 Illa
2004 560 2073 586 enini

1226 599 1325 626 dieitur
1345 600 1444 632 Patris,
1464 600 1527 634 quia
1548 608 1607 627 eam
1626 601 1731 634 genuit3
1758 604 1784 627 et
1802 609 1832 627 ea.
1857 602 1956 629 dieitur
1974 602 2073 635 Patris,

1226 643 1290 676 quia
1310 650 1340 669 ea
1361 644 1438 677 sapit.
1459 643 1516 670 Una
1531 646 1570 670 est
1590 647 1676 670 tamen
1690 645 1821 678 sapientia
1842 645 1939 676 Patris,
1959 645 2023 679 quia
2037 652 2074 672 sa—

1227 686 1327 719 pientia
1347 686 1435 720 genita
1459 689 1498 712 est
1517 687 1611 713 eadem
1637 687 1768 721 sapientia
1789 691 1815 713 et
1838 695 1869 714 ea
1889 695 1942 722 qua
1968 688 2075 722 sapiens

1227 731 1280 756 est.
1300 729 1355 755 sive
1376 736 1405 755 ea
1421 737 1475 763 qua
1494 730 1602 763 sapiens
1616 733 1655 756 est
1668 730 1830 765 intelligatur
1843 738 1958 765 persona
1977 731 2074 764 Patris,

1227 772 1283 798 sive
1304 772 1418 798 essentia
1438 772 1537 801 Patris:
1558 773 1620 806 quia
1641 780 1756 807 persona
1775 774 1872 807 Patris,
1892 781 1961 808 quae
1981 774 2077 801 intelli-

1227 815 1312 849 gitur,
1332 822 1394 841 eum
1414 815 1513 842 dieitur
1526 815 1659 850 sapientia
1681 815 1817 851 iozyem'ta,
1832 820 1856 843 et
1870 824 1985 851 persona
2004 817 2076 849 Filii,

1229 864 1298 890 quae
1323 857 1503 890 significatur,
1530 865 1591 884 eum
1612 858 1711 885 (licitur
1735 858 1869 894 sapiencia
1893 859 1997 894 yenita,
2024 867 2077 886 una

1228 900 1377 934 eademqne
1397 901 1526 935 sapientia
1551 904 1604 933 est,
1624 909 1693 935 quae.
1713 902 1827 928 essentia
1843 901 1934 929 divina
1954 903 2078 936 intelligi-

1230 946 1272 969 tur
1291 944 1442 969 eommunis
1463 943 1547 970 trihus
1567 944 1698 978 personis.
1811 950 1813 953 '

1598 1030 1659 1057 CAP.
1684 1031 1714 1057 V.

1231 1114 1305 1140 Sicut
1329 1114 1357 1141 in
1385 1114 1517 1141 Trz'm'cace
1540 1120 1576 1141 est
1596 1114 1716 1146 dilectio,
1741 1124 1809 1151 quae
1832 1120 1869 1143 est
1892 1116 2029 1148 Trinitas,
2055 1121 2078 1144 et

1302 1161 1391 1183 tamen
1412 1157 1528 1192 Spiritus
1548 1162 1655 1185 sanctus
1679 1163 1715 1184 est
1735 1158 1855 1190 ditectio,
1881 1167 1948 1194 quae
1966 1168 2023 1186 mm
2042 1164 2078 1186 es!

1305 1200 1442 1231 Trinitas,
1462 1209 1510 1226 nee
1523 1200 1581 1227 ideo
1595 1200 1664 1227 ditae
1677 1206 1740 1228 sum
1760 1201 1914 1228 dilectiones
1922 1213 1933 1233 ,·
1953 1201 1991 1228 ita
2011 1206 2034 1229 et
2047 1202 2078 1229 de

1301 1243 1443 1278 sapientia.

1302 1330 1332 1356 Et
1353 1330 1422 1356 siout
1442 1331 1467 1356 in
1487 1331 1614 1356 Trinitate
1634 1331 1742 1357 dilectio
1763 1335 1815 1363 est,
1840 1339 1909 1366 quae
1929 1336 1968 1359 est
1987 1333 2079 1363 Pater,

1232 1373 1315 1399 Filius
1335 1376 1359 1399 et
1379 1373 1494 1407 Spiritus
1514 1376 1638 1406 sanetus,
1658 1381 1727 1408 quae
1754 1377 1793 1400 est
1813 1375 1870 1409 ipsa
1890 1375 2005 1402 essentia
2024 1374 2080 1402 (lei—

1233 1416 1304 1447 tatis;
1327 1420 1353 1442 et
1372 1419 1459 1442 tamen
1481 1416 1596 1450 Spiritus
1616 1420 1723 1443 sanetus
1737 1417 1845 1444 dilectio
1865 1421 1917 1449 est,
1938 1425 2007 1452 quae
2027 1425 2079 1444 non

1232 1462 1271 1485 est
1290 1459 1367 1485 Pater
1387 1459 1428 1485 vel
1448 1459 1545 1490 Filius,
1566 1466 1613 1485 nec
1634 1459 1693 1486 ideo
1714 1460 1782 1486 duae
1803 1460 1959 1487 dilectiones
1978 1461 2078 1487 suntin

1231 1502 1359 1528 Trinitate
1369 1517 1404 1521 —
1415 1502 1477 1536 qnia
1498 1502 1619 1534 dileetio,
1633 1510 1702 1536 quae
1716 1504 1825 1537 proprie
1840 1503 1954 1538 Spiritus
1972 1507 2080 1534 sanetus

1231 1548 1284 1577 est,
1304 1548 1344 1571 est
1368 1545 1490 1576 dilectio,
1516 1552 1586 1578 quae
1611 1546 1725 1572 Trinitas
1749 1549 1802 1577 est,
1831 1554 1882 1573 non
1908 1551 1995 1574 tamen
2022 1548 2080 1582 ipsa

1231 1588 1345 1614 Trinitas
1366 1590 1418 1619 est;
1444 1588 1514 1614 sieut
1533 1588 1648 1622 Spiritus
1673 1592 1782 1615 sanctus
1801 1592 1841 1615 est
1860 1590 1988 1623 essentia,
2011 1598 2080 1625 quae

1231 1631 1345 1657 Trinitas
1365 1634 1418 1662 est,
1438 1638 1489 1656 non
1511 1634 1598 1657 tamen
1620 1631 1675 1665 ipse
1686 1631 1694 1644 ⁴
1709 1631 1822 1658 Trinitas
1836 1635 1876 1658 est
1887 1648 1923 1651 —
1935 1633 1971 1659 ita
1985 1633 2011 1659 iu
2025 1633 2081 1659 Tri-

1231 1674 1313 1700 nitate
1326 1674 1458 1707 sapientia
1478 1677 1530 1704 est,
1551 1681 1620 1708 quae
1635 1677 1674 1700 est
1693 1675 1769 1701 Pater
1783 1678 1808 1700 et
1828 1675 1910 1701 Filius
1924 1678 1949 1702 et
1965 1675 2081 1709 Spiritus

1231 1720 1352 1749 sanetus,
1372 1724 1440 1751 qnae
1461 1720 1499 1743 est
1526 1717 1640 1744 essentia
1661 1717 1768 1749 divina;
1789 1721 1814 1744 et
1834 1721 1920 1744 tamen
1941 1719 2023 1746 Filius
2042 1723 2081 1746 est

1231 1760 1377 1793 sapientia,
1398 1767 1467 1794 quae
1487 1767 1538 1786 non
1553 1763 1592 1786 est
1611 1760 1689 1786 Pater
1702 1761 1744 1787 vel
1763 1760 1878 1794 Spiritus
1895 1765 2011 1789 sanctus.
2026 1762 2080 1789 Nec

1233 1803 1292 1829 ideo
1312 1803 1381 1829 duae
1408 1803 1555 1837 sapientiae
1584 1803 1619 1829 ibi
1640 1807 1715 1836 sunt,
1745 1804 1808 1838 qnia
1837 1805 1982 1838 sapientia,
2012 1812 2081 1839 quae

1231 1846 1341 1880 proprie
1370 1849 1408 1872 est
1429 1846 1525 1877 Filius,
1552 1849 1591 1872 est
1619 1846 1764 1880 sapientia,
1791 1854 1860 1881 quae
1886 1850 1925 1873 est
1953 1848 2080 1880 Trinitas,

1232 1889 1290 1923 ipsa
1318 1892 1405 1915 tamen
1435 1892 1547 1915 nonest
1574 1889 1702 1922 Trinitas;
1729 1890 1799 1916 siout
1817 1890 1900 1917 Filius
1929 1894 1968 1917 est
1997 1898 2082 1918 essen-

1233 1932 1285 1964 tia,
1312 1938 1381 1966 quae
1402 1934 1440 1958 est
1459 1932 1588 1963 Trinitas,
1609 1932 1666 1965 ipse
1686 1935 1773 1959 tamen
1794 1940 1844 1958 non
1865 1936 1904 1959 est
1923 1933 2044 1960 Trinitas.

1595 2017 1656 2043 Car.
1676 2018 1717 2044 Vl.

1203 2100 1205 2123 ἓ
1235 2104 1323 2135 Quare
1348 2104 1428 2129 Pater
1460 2111 1515 2129 non
1545 2102 1646 2129 [liciam-
1675 2103 1783 2138 sapz'ens
1808 2103 1942 2139 sapiencia
1971 2104 2081 2139 syenites,

1303 2145 1371 2172 sicut
1391 2144 1492 2172 (licitur
1511 2145 1627 2180 ctz'lzyens
1646 2145 1798 2177 dilectione,
1813 2155 1881 2182 qucw
1894 2146 1927 2173 ab
1942 2147 2000 2182 z'pso
2017 2156 2083 2182 pro-

1305 2188 1380 2214 cedit.

1304 2270 1446 2300 Praeterea
1473 2274 1613 2305 diligenter
1642 2274 1787 2300 notandum
1817 2278 1872 2306 est,
1901 2275 1973 2309 quod
1993 2282 2023 2302 ea
2044 2282 2082 2302 ra-

1235 2318 1319 2349 tione,
1340 2324 1393 2351 qua
1413 2317 1490 2343 Pater
1510 2324 1561 2343 non
1587 2318 1686 2344 dieitur
1705 2318 1812 2352 sapiens
1838 2319 1916 2345 esse⁵
1937 2319 2081 2353 sapientia,

1234 2367 1314 2394 quam
1335 2360 1438 2393 gennit,
1460 2360 1565 2386 videtur
1585 2361 1640 2386 sore.
1660 2361 1818 2392 dicendum,
1838 2362 1910 2395 qnod
1936 2362 2011 2388 Pater
2031 2369 2082 2388 non

1234 2403 1327 2436 diligat
1347 2403 1457 2435 Filium,
1478 2403 1519 2429 vel
1546 2403 1629 2429 Filius
1649 2404 1753 2430 Patrem
1778 2411 1809 2430 ea
1828 2404 1987 2436 dilectione,
2013 2412 2082 2439 quae

1234 2446 1268 2472 ab
1288 2449 1402 2479 utroque
1417 2446 1553 2479 procedit,
1567 2446 1670 2472 scilieet
1684 2454 1754 2480 quae
1768 2448 1878 2481 proprie
1897 2448 2013 2482 Spiritus
2026 2455 2083 2474 san-

1235 2493 1293 2516 etus
1313 2492 1360 2515 est.
1380 2489 1454 2515 Sicut
1474 2489 1543 2515 enim
1572 2489 1642 2515 idem
1663 2493 1702 2515 est
1722 2490 1775 2516 Deo
1802 2498 1894 2524 sapere
1914 2490 1985 2524 quod
2012 2498 2081 2521 esse,

1235 2533 1270 2559 ita
1290 2533 1360 2559 idem
1381 2536 1418 2558 est
1439 2532 1462 2558 ei
1483 2531 1595 2567 diligero
1615 2532 1686 2566 quod
1701 2541 1761 2559 esse.
1776 2533 1904 2567 Ideoque,
1918 2534 1987 2560 sieut
2007 2541 2083 2568 nega-

1236 2578 1277 2601 tur
1296 2575 1373 2601 Pater
1386 2582 1444 2609 esse
1459 2576 1566 2609 sapiens
1585 2575 1728 2609 sapientia,
1744 2583 1823 2610 quain
1838 2577 1973 2608 genuit—
1983 2577 2046 2610 quia
2060 2577 2080 2602 si

1235 2625 1265 2644 ea
1285 2618 1421 2644 (liceretur
1440 2618 1561 2652 sapiens,
1583 2626 1634 2645 non
1655 2619 1711 2652 ipsa
1732 2619 1765 2645 ab
1786 2626 1831 2651 eo,
1852 2619 1898 2645 sed
1920 2619 1975 2653 ipse
1997 2619 2030 2645 ab
2051 2626 2080 2645 ea

1236 2661 1427 2695 intelligeretur
1452 2669 1509 2687 esse
1528 2677 1563 2680 —
1584 2662 1617 2687 ita
1639 2662 1745 2688 videtur
1766 2670 1816 2688 non
1837 2662 1935 2689 debere
1955 2662 2081 2694 oonredi,

1235 2705 1307 2739 quod
1327 2705 1404 2731 Pater
1424 2705 1465 2731 vel
1484 2705 1568 2731 Filius
1588 2705 1679 2739 diligat
1707 2706 1864 2736 dileetione,
1891 2713 1959 2740 quae
1980 2709 2080 2732 tantum

1298 2883 1307 2895 ³²
1327 2883 1375 2904 Vnt,
1398 2888 1520 2910 perpet-{nn
1546 2882 1679 2911 respon-sio,
1708 2882 1759 2904 eod.
1786 2882 1803 2903 D
1829 2881 1986 2911 responsione.
2013 2882 2082 2903 Pauli»

1237 2924 1288 2949 post
1306 2921 1355 2943 Vnt.
1373 2927 1427 2943 rum
1444 2921 1550 2948 pluribus
1567 2921 1619 2943 eddv
1638 2922 1700 2944 addit
1717 2920 1832 2950 ,wpsmzrin
1851 2924 1901 2948 post
1919 2926 1945 2943 ea
1962 2920 2054 2943 dicitnr.

1301 2959 1308 2973 ⁴
1327 2960 1377 2981 Yat.
1395 2962 1416 2980 et
1432 2959 1485 2981 edd.
1505 2959 1525 2986 4,
1539 2959 1559 2987 ὅ,
1573 2961 1586 2981 ἒ)
1604 2959 1662 2988 ipsa.

1299 2998 1308 3011 ⁵
1326 2998 1354 3019 lta
1373 2998 1454 3021 codd:
1474 2998 1522 3019 Vat.
1541 3004 1593 3020 runi
1613 2998 1718 3025 pluribus
1736 2998 1789 3020 edd.
1807 3003 1841 3020 ea.
