2215 3404
0 775 7 835 —52
0 796 3 801 <
0 667 7 785 :nr-Q:
0 554 8 648 φὴς-πω
0 554 1 557 Α
1 529 6 540 ›.
0 516 2 520 -
0 460 9 507 aaa*
0 389 9 451 *ἐκ-,ΑΛ
4 368 8 379 -

752 141 835 170 DIST.
857 142 963 171 XLVIII.
985 143 1057 171 ART.
1080 143 1096 171 I.
1120 144 1253 179 QUAEST.
1277 144 1303 172 II.

241 218 371 247 Siiniliter
394 218 415 246 si
432 218 580 255 loquamur
601 218 636 247 de
658 219 847 248 conformitate
868 223 1003 256 quantum

162 266 197 295 ad
224 265 439 298 habitudinem,
472 265 612 299 dicemus,
634 266 707 302 quod
740 266 868 295 voluntas
888 275 942 295 non
974 275 1003 295 se

162 313 222 349 ipsa
243 312 447 345 conformatur,
469 311 517 339 sed
539 319 588 347 per
610 312 857 348 comparationem
879 313 919 341 att
938 313 1004 341 atte-

162 367 247 392 rum,
279 358 354 395 quod
386 362 478 386 tamen
499 365 589 394 neque
620 361 661 386 est
687 358 721 387 de
743 359 859 387 essentia
893 359 1002 388 (livinae

161 406 326 439 voluntatis,
348 413 398 433 nec
418 405 572 439 hnmanae,
594 412 644 433 nec
659 407 790 442 tanquam
814 406 927 434 tertium
943 414 1003 442 par-

161 452 305 489 ticipatum
326 451 361 479 ab
382 454 511 488 utroque.
535 451 565 478 Et
586 451 624 479 sic
646 453 721 488 patet
742 451 821 479 illud.

1841 149 1898 177 853

1138 221 1164 249 [ι.
1186 221 1224 250 Ad
1247 221 1314 250 illud
1334 222 1408 259 quod
1430 223 1528 251 ultimo
1543 224 1699 260 quaeritur,
1721 227 1815 253 utrum
1838 234 1898 254 con-

1059 266 1195 296 formetur
1218 276 1265 304 per
1287 269 1446 303 essentiam,
1467 272 1515 297 aut
1529 278 1579 306 per
1594 270 1845 307 participationem3
1860 272 1898 300 di-

1059 313 1191 347 cendum,
1213 315 1285 351 qnod
1309 322 1359 343 nec
1379 315 1418 343 sic
1433 323 1483 344 nec
1504 316 1558 350 sic,
1580 316 1629 345 sed
1645 317 1832 345 conformatur
1848 325 1897 353 per

1058 361 1264 396 proportionem
1285 361 1342 390 sive
1370 369 1419 398 per
1441 362 1611 391 consimilem
1644 363 1843 392 habitudinem.
1868 364 1897 392 Et

1059 406 1096 435 sic
1118 410 1192 443 patet
1214 407 1292 436 illud.

898 613 1156 649 SCHOLION.

220 772 235 794 I.
254 772 329 799 Supra
347 772 379 800 (d.
398 772 433 794 31.
453 778 474 799 p.
494 772 515 793 ll.
534 778 553 794 a.
572 773 592 794 2.
611 779 633 800 q.
651 773 681 800 2.)
700 772 780 800 triplex
793 772 940 799 distinguitur
951 778 1002 793 con-

158 811 272 833 l'ormitas:
291 812 312 832 in
330 811 428 838 natura,
445 812 465 832 in
483 810 616 838 volumtate,
637 812 658 832 in
671 810 805 839 operatione
817 811 899 832 sivein
913 810 1001 832 aclibus

158 850 287 872 voluntatis.
306 850 413 878 Quaestio
430 852 463 872 est
482 849 509 872 de
527 850 684 871 conformitate
705 850 726 871 in
744 848 834 872 actibus
852 848 930 871 liberis
953 849 1001 870 sive

157 889 180 910 in
197 888 297 911 volendo
314 891 336 910 et
359 888 472 914 nolendo,
495 891 516 910 cl
542 888 636 916 quidem
662 894 706 909 non
731 887 859 909 secundum
885 887 1000 909 entitatem

157 927 306 955 naturalem,
326 928 367 950 sed
384 927 508 950 moralem.
525 939 556 943 —
573 927 742 949 Attentlendum
759 929 793 949 est
818 926 846 948 ad
864 926 1001 953 multiplices

158 965 312 988 distinctiones
330 967 351 987 in
370 971 466 993 corpore
483 966 575 993 positas.
594 965 643 986 Duo
661 964 765 986 membra
783 965 870 992 primae
884 966 905 985 et
918 964 1001 991 princi-

158 1005 216 1034 palis
232 1005 352 1027 divisionis
370 1004 526 1032 (conformitas
544 1004 671 1026 secundum
689 1002 866 1026 similitudinem
878 1007 900 1025 et
911 1001 1000 1025 habitu-

157 1043 245 1071 dinem)
269 1050 313 1066 non
331 1044 433 1072 indigent
450 1043 604 1071 explicatione.
624 1043 676 1065 Tria
694 1042 798 1064 membra
817 1043 905 1070 primae
922 1041 1001 1064 subdi-

156 1084 251 1106 visionis
267 1084 391 1106 l'undantur
409 1085 429 1105 in
448 1083 529 1111 triplici
547 1083 707 1110 similitudine,
726 1089 785 1111 qnae
802 1088 852 1104 esse
873 1084 947 1109 potest
964 1081 999 1102 vel

157 1124 179 1145 in
196 1129 240 1145 nna
259 1123 331 1145 forma
349 1123 453 1145 eiusdem
471 1123 555 1150 speciei
573 1123 604 1147 (v.
623 1128 646 1150 g.
664 1122 685 1143 in
703 1121 826 1149 albedine),
844 1121 880 1143 vel
893 1122 914 1142 in
927 1120 1000 1142 intim-

157 1161 217 1185 tione
234 1164 255 1184 et
272 1162 479 1189 repraesentatione
497 1162 529 1188 (ut
547 1162 568 1183 in
587 1163 682 1189 statua),
701 1161 735 1183 vel
748 1161 769 1182 in
783 1161 869 1182 ratione
882 1158 999 1188 ezempla-

156 1200 240 1224 ritan's.
258 1201 305 1223 Iloe
322 1202 413 1223 tertium
431 1200 563 1223 membrum
581 1200 655 1223 differt
677 1207 688 1222 a
707 1200 820 1227 secundo,
848 1200 899 1228 quia
926 1200 947 1220 in
965 1205 1000 1220 se-

155 1239 232 1262 cundo
249 1239 299 1269 ipsa
317 1242 389 1262 statua
407 1240 531 1262 conformis
547 1242 581 1261 est
597 1239 712 1267 originali.
725 1238 764 1260 sed
783 1239 804 1260 in
818 1239 882 1260 tertio
895 1238 999 1260 membro

156 1279 216 1301 iuxta
234 1279 337 1307 exempla
360 1278 459 1301 adhibita
484 1285 525 1301 nec
542 1279 622 1300 oculus
648 1285 689 1300 nec
714 1278 834 1306 specuium
857 1279 889 1300 est
914 1277 1000 1306 aliquid

156 1318 285 1346 conforme,
304 1318 344 1340 sed
357 1319 433 1346 potius
449 1317 549 1341 continet
567 1324 607 1346 per
626 1318 821 1345 participationem
834 1318 957 1345 exemplar.
969 1329 1000 1333 —

157 1358 261 1380 Secunda
274 1357 403 1379 subdivisio
416 1357 523 1379 coincidit
534 1363 587 1379 eum
600 1357 717 1379 communi
727 1356 870 1378 distinctione
883 1357 1000 1384 analogiae

156 1397 177 1419 in
195 1397 324 1424 analogiam
342 1396 502 1419 attributionis
520 1396 694 1424 (proportionis)
717 1399 738 1418 oi
762 1394 998 1425 p]oportionatitatis.

1058 771 1090 793 De
1108 771 1211 798 analogia
1229 770 1387 793 attributionis
1405 771 1457 793 vide
1475 777 1546 799 supra
1564 771 1585 793 d.
1605 771 1640 794 45.
1672 778 1694 800 q.
1712 772 1737 800 5,
1756 772 1795 794 ubi
1811 778 1897 795 satrztm

1058 810 1176 837 tripliciter
1202 810 1364 837 distingnitur;
1391 810 1418 832 de
1445 810 1547 837 analogia
1570 810 1797 839 proportionalitatis
1824 812 1898 838 agitur

1058 854 1127 876 supra
1146 848 1167 870 d.
1190 849 1206 870 l.
1225 855 1244 870 a.
1263 849 1283 870 3.
1302 855 1323 876 q.
1347 849 1362 870 l.
1381 848 1410 870 ad
1433 849 1448 870 l.
1467 852 1488 870 ct
1506 849 1526 870 in
1553 849 1654 876 Scholio,
1673 852 1694 871 et
1710 849 1732 871 (l.
1750 849 1771 871 7.
1789 856 1810 877 q.
1830 848 1857 877 4,
1876 850 1897 871 ἰῐ]

1058 887 1154 909 Scholio.
1172 899 1203 903 —
1220 887 1289 910 Docet
1306 891 1382 909 autem
1400 887 1421 908 S.
1448 887 1545 915 Bonan,
1572 888 1751 910 conformitatem
1778 888 1898 910 voluntatis

1058 926 1142 948 attendi
1160 929 1247 949 tantum
1265 926 1393 949 secundnm
1410 925 1570 949 habitudinem
1591 930 1611 949 et
1638 933 1679 954 per
1704 927 1898 954 comparationem

1058 966 1086 988 ad
1104 966 1207 988 alterum.
1226 966 1313 988 'famen
1331 969 1443 994 quatenus
1469 967 1575 988 voluntas
1599 967 1733 988 informatur
1749 966 1828 996 qratia
1840 985 1846 994 ,
1865 969 1899 988 est

1057 1006 1124 1028 etiam
1143 1006 1290 1027 conformitas
1306 1005 1433 1027 secundum
1451 1004 1636 1033 siniilitmlinam,
1656 1008 1681 1027 ut
1692 1005 1786 1027 docetur
1798 1006 1819 1027 in
1832 1005 1898 1027 solut.

1057 1045 1087 1067 ad
1104 1045 1124 1066 3.
1142 1056 1172 1060 -
1184 1044 1335 1066 Conformitas
1348 1043 1486 1066 habitudinis
1498 1044 1625 1066 seeundum
1643 1045 1722 1067 actum
1734 1046 1756 1066 et
1771 1043 1898 1066 secundum

1056 1082 1127 1112 sinent
1143 1083 1215 1110 vulgo
1232 1086 1327 1104 vocatur
1345 1083 1491 1104 conformitas
1508 1084 1528 1104 in
1546 1082 1614 1105 modo
1633 1082 1741 1110 ooleiidi‚-
1753 1083 1898 1104 conformitas

1057 1124 1132 1144 autem
1151 1122 1278 1144 secundum
1296 1120 1410 1144 obiectam
1427 1122 1509 1144 dieitur
1526 1123 1672 1144 conformitas
1689 1123 1709 1143 in
1729 1121 1804 1145 colito.

1120 1161 1142 1182 ll.
1160 1162 1220 1183 Alex.
1240 1161 1300 1189 IIal.y
1318 1162 1339 1182 S.
1358 1167 1380 1189 p.
1401 1161 1412 1183 1.
1432 1168 1453 1190 q.
1483 1161 1516 1183 tt.
1543 1168 1572 1183 m.
1604 1162 1620 1183 Ι.
1646 1174 1677 1177 -
1699 1162 1720 1183 S.
1740 1161 1835 1189 Thone,
1863 1162 1897 1183 hic

1057 1206 1078 1228 q.
1101 1200 1117 1221 l.
1135 1206 1154 1221 a.
1178 1200 1201 1222 l:
1219 1200 1240 1221 S.
1260 1200 1272 1221 l.
1292 1200 1313 1221 ΙΙ.
1332 1206 1353 1228 q.
1376 1200 1408 1221 19.
1426 1207 1445 1222 a.
1464 1201 1484 1222 9.
1509 1200 1539 1222 ΙΟ.
1562 1212 1593 1216 -
1606 1200 1628 1222 B.
1642 1200 1814 1228 .x1ber1.‚11icn.
1832 1201 1836 1221 l
1852 1207 1856 1225 ;
1870 1200 1897 1222 de

1056 1239 1099 1260 hac
1115 1242 1137 1261 et
1154 1245 1217 1267 seqq.
1236 1245 1273 1267 qq.
1292 1239 1313 1260 S.
1332 1245 1353 1266 p.
1373 1239 1386 1260 l.
1405 1242 1430 1260 tr.
1450 1239 1487 1260 20.
1505 1245 1526 1267 q.
1544 1239 1580 1260 80.
1599 1245 1629 1260 m.
1648 1239 1667 1261 3.
1685 1251 1715 1255 -—
1732 1239 1789 1261 Pctr.
1807 1246 1818 1260 a
1832 1239 1896 1265 Tar..

1056 1278 1093 1299 hic
1110 1284 1131 1306 q.
1154 1278 1170 1299 1.
1189 1284 1208 1299 a.
1230 1278 1246 1299 l.
1264 1289 1295 1293 —
1312 1277 1418 1299 Richard.
1436 1284 1448 1299 a
1466 1278 1536 1305 Med.y
1555 1279 1591 1300 hic
1608 1285 1627 1300 a.
1650 1279 1666 1300 l.
1690 1284 1711 1306 q.
1742 1279 1758 1300 l.
1776 1290 1807 1294 —
1824 1278 1896 1305 .Egid.

1056 1317 1094 1345 R.,
1113 1318 1148 1339 hic
1170 1317 1186 1338 l.
1205 1317 1276 1344 princ.
1294 1323 1316 1345 q.
1339 1317 1355 1338 l.
1372 1329 1403 1332 —
1420 1317 1532 1344 Dnran‹l.‚
1550 1317 1578 1339 de
1596 1318 1637 1339 hae
1660 1320 1679 1339 et
1698 1323 1745 1345 seq.
1759 1324 1780 1346 q.
1794 1318 1829 1338 hic
1842 1323 1863 1345 (1.
1881 1318 1897 1339 Ι,

1056 1369 1086 1372 -
1104 1356 1194 1383 Dionys.
1213 1355 1301 1384 Cardu,
1320 1355 1348 1377 de
1366 1357 1406 1377 hac
1424 1359 1445 1378 et
1463 1362 1526 1384 seqq.
1545 1362 1582 1384 qq.
1601 1357 1636 1377 liic
1654 1362 1675 1384 q.
1698 1357 1714 1378 1.
1738 1369 1767 1372 —
1794 1356 1851 1383 Biel,
1870 1356 1897 1378 de

1057 1396 1098 1417 hac
1115 1398 1136 1417 ct
1155 1402 1219 1424 scqq.
1238 1402 1275 1424 qq.
1294 1396 1329 1417 hi(¹
1347 1402 1368 1424 q.
1388 1396 1459 1417 unica.

923 1543 1086 1580 QUAESTIO
1108 1543 1137 1570 II.

434 1667 535 1696 Utrum
558 1666 752 1704 conformitas
772 1666 932 1695 voluntatis
953 1669 1071 1694 *nostrae
1092 1666 1132 1694 ad
1154 1665 1286 1693 diuinam
1306 1664 1402 1702 faeiat
1422 1673 1487 1692 eam
1508 1664 1626 1692 iustam.

232 1826 359 1854 Secundo
371 1825 528 1862 quaeritur,
545 1827 641 1852 utrum
658 1823 836 1852 conformitas
849 1822 999 1850 voluntatis

155 1877 265 1902 nostrae
287 1873 320 1901 ad
338 1873 460 1902 divinam
483 1871 564 1900 faciat
585 1879 645 1899 eam
662 1871 772 1899 iustam.
796 1870 826 1897 Et
847 1869 931 1908 quod
944 1869 998 1902 sic,

154 1921 280 1950 videtur:

236 1969 259 1995 1.
282 1967 352 2003 Quia
374 1974 458 2003 super
480 1965 550 1994 illud
573 1965 671 1993 Psalmi
685 1964 707 1991 ¹:
731 1964 829 1992 Rectos
851 1963 926 1991 (tecet
948 1962 1000 1990 eot-

18 2015 304 2047 Fundamentn-tauclatio,
321 2014 430 2042 Glossa:
452 2024 464 2038 «
477 2013 549 2041 Recti
566 2015 630 2040 sunt
651 2011 697 2048 qui
714 2011 838 2047 dirigunt
853 2018 900 2038 cor
915 2016 999 2038 suum

155 2061 309 2090 secundnm
333 2060 503 2089 voluntatem
527 2059 588 2091 Dei⁷
610 2066 682 2095 quae
703 2060 777 2086 recta
799 2061 880 2085 est».

234 2109 259 2136 2.
282 2108 364 2141 item,
386 2106 525 2135 secundae
545 2106 578 2134 atil
595 2104 751 2133 Corinthios
773 2107 852 2132 sexto
869 2103 895 2130 Δ”’;
921 2103 1000 2138 Quae

152 2154 346 2191 participatio
368 2153 498 2181 ‘iustitiae
520 2160 587 2180 taint
602 2150 775 2189 iniquitate?
798 2153 850 2177 aut
871 2158 945 2187 (μιαί)
959 2157 1000 2177 so-

157 2202 245 2230 cietas
267 2201 340 2230 tucis
355 2201 397 2236 ad
419 2199 570 2229 tenebras?
587 2199 664 2236 qnasi
688 2198 774 2227 dicat:
791 2197 876 2225 nulla.
893 2197 917 2224 Si
934 2204 1000 2233 ergo

157 2249 248 2278 divina
272 2249 402 2277 voluntas
435 2247 537 2276 institia
559 2249 601 2275 est
622 2249 648 2274 et
671 2246 737 2279 lux,
759 2244 781 2273 si
813 2244 936 2272 humana
958 2251 1001 2271 vo-

155 2296 249 2325 luntas
270 2296 305 2325 sit
326 2296 433 2332 iniqua,
455 2303 508 2323 non
532 2297 621 2331 potest
641 2301 701 2322 esse
717 2292 877 2321 conformis:
897 2299 963 2328 ergo
979 2291 999 2319 si

156 2346 197 2373 est.
218 2342 382 2376 conformis,
404 2349 516 2370 necesse
537 2345 579 2369 est
599 2348 660 2369 esse
681 2340 791 2368 iustam.

237 2388 261 2417 3.
284 2389 364 2422 item.
380 2386 566 2424 conformari
579 2386 692 2423 regulae
708 2386 829 2414 institiae
840 2385 909 2413 nihil
924 2384 998 2412 aliud

157 2439 198 2465 est
226 2443 309 2473 quam
344 2434 522 2471 iustifteari;
551 2433 598 2462 sed
629 2433 757 2461 voluntas
779 2432 872 2461 divina
893 2434 934 2460 est
962 2439 1002 2459 re-

224 2638 229 2652 ¹
249 2638 329 2660 Psalm.
348 2637 389 2664 32,
412 2637 428 2658 l.
441 2648 471 2652 -
489 2636 577 2662 (Nossa,
597 2641 655 2663 quae
673 2641 725 2656 mox
743 2634 847 2661 affertur,
866 2633 1002 2660 deprompta

160 2680 194 2700 cst
210 2684 236 2699 cx
254 2678 366 2704 August.y
385 2676 485 2697 Enarrat.
504 2675 524 2696 2.
543 2675 563 2695 in
582 2674 667 2696 (lictum
685 2674 766 2695 Psalm.
786 2679 806 2694 n.
825 2673 845 2694 2.

222 2716 231 2730 ‘²
251 2717 314 2738 Vers.
345 2714 377 2736 14.
408 2714 520 2741 Vulgata:
546 2713 608 2741 Quae
630 2711 691 2734 enim
716 2712 882 2739 participatio...
907 2711 1003 2732 societas

162 2755 209 2779 luci
220 2755 248 2777 ad
261 2754 385 2777 tenebras?
397 2765 428 2769 -
438 2753 506 2774 Paulo
518 2754 570 2779 post
581 2758 623 2779 pro
635 2751 656 2774 si
667 2750 772 2773 humana
792 2750 841 2772 Vnt.
854 2751 875 2772 et
889 2749 1002 2772 hamana.

224 2792 233 2807 3
250 2792 294 2815 Cfr.
313 2792 340 2814 (le
358 2793 400 2813 hoc
418 2793 554 2819 argumento
576 2790 684 2817 August.7
704 2790 802 2811 Enni-rat.
822 2789 843 2810 in
862 2788 942 2809 Psalm.
961 2787 1002 2810 93.

164 2832 199 2854 45.
217 2832 261 2854 sub
279 2838 299 2853 n.
323 2832 355 2852 18.
374 2837 421 2858 seq.

225 2870 232 2884 ⁴
252 2870 296 2892 Cl'r.
315 2870 424 2896 Anselm.y
444 2868 528 2895 Dialog.
547 2867 575 2889 tle
594 2868 698 2895 veritate⁷
717 2874 735 2888 c.
755 2868 794 2894 12,
814 2866 851 2888 nbi
870 2866 951 2887 iustitia
966 2864 1004 2886 <le-

163 2909 239 2931 sinilur
260 2917 269 2929 a
282 2908 393 2931 rectitudo
411 2908 533 2929 voluntatis
544 2909 638 2934 propter
655 2912 679 2927 sc
696 2909 785 2928 servata
799 2914 808 2925 »
820 2912 824 2932 ς
842 2908 862 2927 cl
876 2904 962 2931 Dialog.
975 2903 1003 2925 dc

1055 1821 1120 1858 gula
1142 1821 1275 1853 iustitiae.
1297 1821 1361 1858 qnia
1384 1828 1437 1848 non
1459 1823 1548 1857 potest
1569 1820 1706 1857 obliquari
1728 1820 1763 1848 ad
1785 1820 1895 1857 aliquod

1056 1869 1197 1905 iniquum:
1221 1876 1287 1905 ergo
1308 1867 1473 1896 conformari
1499 1867 1630 1895 voluntati
1647 1867 1757 1895 divinae
1772 1870 1813 1895 est
1826 1867 1899 1895 iusti-

1055 1916 1132 1944 ficari
1146 1915 1164 1943 ³.

1135 1963 1160 1990 lt.
1184 1962 1263 1993 item,
1295 1961 1452 1989 intellectus
1484 1963 1577 1989 noster
1599 1968 1651 1989 non
1685 1963 1774 1997 potest
1795 1960 1899 1988 consor-

1057 2009 1127 2036 mari
1149 2008 1257 2042 divino,
1279 2008 1346 2044 quin
1361 2007 1497 2035 efficiatur
1513 2015 1611 2035 verus:
1634 2015 1699 2043 ergo
1714 2014 1764 2034 nec
1779 2005 1899 2043 affectus

1056 2058 1149 2083 noster
1171 2058 1260 2091 potest
1281 2053 1446 2082 conformari
1477 2054 1585 2088 (livino³
1608 2053 1673 2090 quin
1703 2052 1839 2081 efficiatur
1860 2052 1899 2080 iu-

1057 2105 1131 2135 stus;
1153 2101 1224 2129 sicut
1245 2100 1318 2129 enim
1339 2100 1441 2128 veritas
1463 2103 1504 2128 est
1519 2100 1656 2128 rectitudo
1678 2099 1845 2132 intellectus,
1861 2098 1899 2126 sic

1057 2148 1161 2176 iustitia
1183 2150 1223 2176 est
1245 2147 1382 2175 rectitudo
1403 2146 1549 2174 affeclus⁴.

1136 2194 1265 2223 CONTRA:
1293 2194 1313 2221 l.
1337 2193 1465 2230 Magister
1478 2193 1487 2205 ⁵
1510 2193 1589 2226 dicit,
1612 2196 1638 2221 et
1659 2196 1700 2221 est
1716 2192 1833 2220 verbnm
1849 2192 1899 2219 Au-

1057 2242 1172 2280 gustini.
1194 2241 1268 2279 quod
1306 2252 1318 2265 α
1335 2240 1462 2268 voluntas
1495 2240 1539 2268 Dei
1573 2240 1644 2268 bona
1672 2247 1721 2276 per
1754 2239 1897 2267 hominum

1057 2289 1145 2317 malas
1168 2288 1323 2316 volnntates
1345 2287 1478 2323 impletur
1492 2297 1523 2320 »;
1546 2286 1594 2314 sed
1616 2293 1690 2314 unus
1711 2285 1824 2314 effectus
1845 2293 1898 2313 non

1057 2336 1183 2373 procedit
1203 2335 1237 2363 ab
1260 2342 1315 2363 nna
1336 2341 1418 2363 cansa
1445 2341 1493 2370 per
1515 2333 1614 2364 aliam,
1641 2333 1693 2360 nisi
1716 2332 1777 2360 illae
1800 2339 1899 2360 causae

1058 2383 1092 2411 ad
1113 2383 1230 2410 invicem
1253 2381 1474 2410 conformentur:
1497 2388 1563 2416 ergo
1579 2379 1710 2416 contingit
1732 2379 1832 2406 malam
1855 2386 1899 2406 vo-

1058 2430 1191 2457 luntatem
1215 2429 1324 2457 divinae
1346 2427 1521 2456 conformari.

1060 2631 1097 2653 lil).
1115 2631 1163 2653 arb.
1182 2637 1201 2653 c.
1219 2631 1243 2658 8.
1263 2630 1302 2652 ubi
1320 2631 1341 2652 S.
1355 2630 1436 2652 Doctor
1454 2630 1494 2652 ait:
1516 2638 1525 2649 «
1539 2629 1598 2651 nulla
1611 2632 1686 2650 autem
1699 2630 1730 2650 est
1749 2628 1806 2649 iusta
1820 2627 1899 2648 volun-

1060 2674 1104 2697 tas⁷
1123 2670 1164 2691 nisi
1182 2676 1240 2697 quae
1257 2669 1305 2690 vnn
1323 2668 1385 2697 quod
1404 2668 1463 2690 Deus
1480 2668 1530 2690 vult
1546 2674 1597 2690 eam
1615 2667 1672 2689 vcllc
1686 2674 1711 2693 »3
1730 2672 1771 2687 nce
1787 2672 1829 2687 non
1849 2664 1898 2686 libr.

1059 2708 1088 2730 de
1105 2708 1216 2730 Concord.
1235 2713 1322 2735 praesc.
1341 2707 1380 2729 Dei
1398 2713 1450 2728 cum
1464 2706 1501 2728 lib.
1520 2706 1567 2728 arb.
1586 2712 1607 2734 q.
1630 2706 1646 2727 l.
1665 2711 1682 2727 e.
1700 2705 1724 2731 6,
1744 2704 1781 2726 ubi
1794 2704 1826 2725 sic
1844 2704 1899 2731 legi-

1059 2750 1107 2769 tur:
1125 2747 1170 2769 Sed
1188 2747 1296 2775 quoniam
1309 2746 1427 2773 iustitiam,
1446 2752 1489 2774 qua
1503 2746 1575 2767 iustus
1593 2747 1626 2766 est
1638 2745 1730 2772 aliquis,
1749 2745 1835 2765 constat
1849 2748 1899 2764 esse

1061 2786 1217 2808 rectitudinem
1236 2786 1369 2813 voluntatisy
1388 2791 1456 2813 quam
1475 2785 1531 2811 (lixi3
1550 2790 1608 2813 quae
1620 2783 1731 2805 rectitudo
1743 2786 1796 2804 tunc
1813 2784 1898 2803 tantum

1060 2828 1092 2847 cst
1110 2826 1131 2846 in
1149 2825 1236 2853 aliquo,
1254 2830 1307 2846 cnm
1324 2825 1373 2851 ipsc
1390 2824 1437 2845 vult
1456 2823 1518 2852 quod
1537 2823 1597 2845 Deus
1614 2823 1662 2844 vult
1678 2827 1730 2843 cum
1748 2821 1813 2842 velle.

1121 2863 1130 2877 ⁵
1148 2864 1187 2884 llic
1205 2870 1223 2884 e.
1242 2864 1265 2890 2,
1285 2862 1323 2884 ubi
1341 2866 1362 2884 ct
1380 2861 1477 2884 verbum
1496 2862 1628 2889 Augustini⁷
1647 2866 1698 2882 mox
1716 2860 1821 2886 citatum⁷
1839 2859 1900 2880 inve-

1061 2903 1109 2923 nies
1126 2903 1248 2929 integrum.

1912 2200 1940 2218 Ad
1953 2200 2029 2224 opposi—

1947 2226 1992 2242 tum.
