2215 3404
707 214 791 243 DIST.
813 214 902 244 XXVI.
924 213 996 242 ART.
1019 214 1134 244 UNtCUs
1156 216 1291 252 QUAEST.
1313 218 1352 246 ΙΙΙ.

1846 224 1903 252 [159

903 366 1163 404 SOHOLION.

218 504 233 527 1,
258 503 408 534 Differentiae
436 503 591 526 attribuuntur
616 505 661 525 tres
691 506 765 531 actus,
791 503 876 525 scilicet
900 502 1003 526 dividere

155 548 241 572 oenus,
262 542 402 566 constituere
419 541 526 571 speciem,
550 541 701 571 dtsttnqaere.
720 542 775 564 ilinc
793 541 844 564 data
862 544 896 564 est
912 542 1002 564 occasio

156 581 294 610 quaerendi,
313 587 372 610 quos
389 583 453 603 actus
470 581 492 602 in
509 580 594 602 divinis
606 580 689 603 habeat
703 579 839 610 proprietas
859 580 999 609 personalis,

156 626 216 649 quae
233 623 267 642 est
291 621 357 649 quasi
383 620 433 642 loco
458 619 606 641 differentiae.
633 619 723 641 Primus
745 620 781 641 ille
798 622 862 642 actus
885 618 1003 642 dividendi

155 665 230 688 ¹oenus
247 659 365 681 manifeste
382 658 531 687 impossibilis
548 660 582 680 est
607 659 630 680 in
647 658 702 680 Deo.
720 658 765 680 Sed
791 658 819 680 de
837 658 930 680 duobus
953 658 1002 680 aliis

156 697 245 720 actibus
261 698 345 726 inquiri
363 700 444 725 potest,
457 700 535 720 utrum
548 697 633 719 scilicet
649 697 801 725 proprietates
818 699 840 719 et
856 696 1004 726 distinguant

155 738 178 758 et
194 735 338 759 constituant
354 735 514 765 hypostasim,
543 742 571 757 an
598 735 744 758 solummodo
774 736 840 764 quasi
865 736 1003 758 adventitiae

156 775 201 797 iam
220 775 336 797 distinctas
354 775 489 802 hypostases
506 775 663 801 manifestent,
681 777 706 797 ut
726 780 810 797 nomen
828 773 935 798 Socratis
952 781 1001 802 per-

155 819 236 836 sonam
261 814 306 836 iam
330 813 459 836 distinctam
485 813 591 835 notificat.
617 813 677 835 Haec
703 814 806 842 quaestio
832 814 879 836 fere
896 813 1003 836 coincidit

156 858 209 875 cum
227 852 358 874 difficillima
376 853 497 881 magisque
509 852 586 875 subtili
598 858 668 881 quam
681 852 728 874 utili
740 853 881 881 quaestione,
891 858 935 882 per
947 851 1003 882 quid

155 891 258 920 praecise
275 892 441 913 constituantur
458 891 549 913 divinae
567 897 686 919 personae.
712 890 872 913 Cum-autem
896 893 957 913 recta
973 892 1003 913 in-

156 929 278 957 telligentia
303 932 324 952 et
346 930 428 951 solutio
454 929 556 957 plurium
573 930 735 958 quaestionum
753 930 775 951 in
792 929 831 952 dd.
851 930 886 951 27.
910 930 946 952 29.
966 930 1002 951 33.

155 967 285 996 dependeat
301 968 330 990 ab
348 969 390 990 hac
414 969 562 997 quaestione,
589 969 696 991 nonnulla
715 968 813 991 dicenda
835 969 943 991 videntur
959 970 1003 996 pri-

155 1013 220 1030 mum
239 1007 267 1030 de
279 1010 337 1030 statu
350 1008 501 1036 quaestionis,
514 1007 597 1030 deinde
609 1007 638 1030 dc
650 1009 760 1030 sententia
778 1008 939 1036 principalium
959 1014 1003 1029 ma-

156 1047 288 1075 gistrorum.

219 1086 242 1108 ll.
260 1086 302 1108 Pro
320 1086 457 1108 declarando
475 1087 616 1114 quaestionis
633 1089 692 1109 statu
711 1087 766 1108 haec
784 1089 898 1108 notamus.

221 1125 241 1147 l.
259 1125 281 1147 ln
298 1125 346 1147 Dco
364 1128 463 1154 quatuor
480 1125 665 1154 distinguuntur:
683 1126 776 1148 natura
793 1125 869 1148 divina
887 1125 1002 1152 absoluta;

152 1163 273 1193 principia
295 1164 393 1186 duarum
411 1164 582 1186 emanationum
599 1163 747 1192 immediata,
767 1171 826 1193 quae
843 1167 896 1187 sunt
917 1165 1003 1187 intolle-

157 1204 207 1225 ctus
232 1205 253 1225 et
274 1203 395 1231 voluntas;
421 1203 484 1231 ipsae
510 1203 671 1226 emanationes
697 1204 746 1226 sive
771 1204 884 1231 origines;
903 1204 1002 1232 denique

156 1240 282 1264 relationes
298 1244 321 1264 et
337 1241 487 1264 subsistentes
504 1244 527 1264 et
543 1242 660 1270 formales,
679 1248 738 1271 quae
755 1246 808 1265 sunt
825 1243 891 1271 quasi
913 1243 1002 1265 termini

156 1280 246 1302 illarum
263 1281 434 1302 emanationum
451 1281 500 1303 sive
517 1281 640 1308 originum.

220 1320 240 1341 2.
258 1319 355 1342 Natura
372 1322 406 1341 est
423 1319 526 1341 absoluta
544 1320 593 1342 sinc
610 1320 719 1342 relatione
736 1320 765 1342 ad
778 1320 855 1348 aliud,
873 1319 1003 1343 intellectus

156 1360 178 1380 et
194 1358 305 1381 voluntas
322 1359 391 1380 etiam
408 1362 461 1381 sunt
477 1358 580 1381 absoluta
592 1377 597 1387 ,
615 1362 690 1381 tamen
703 1360 828 1387 respiciunt
844 1360 920 1388 aliquo
932 1359 1003 1382 modo

156 1403 210 1419 suas
226 1398 394 1425 emanationes,
412 1403 512 1426 quarum
529 1400 582 1419 sunt
603 1398 735 1420 immediata
760 1399 880 1426 principia.
900 1398 1003 1420 Emona—

156 1434 230 1458 tiones
246 1436 296 1457 sive
313 1435 414 1463 origines
431 1436 452 1457 in
471 1441 495 1457 se
513 1435 607 1464 quidem
634 1442 678 1457 non
696 1438 749 1458 sunt
765 1436 852 1464 aliquid
869 1436 1002 1464 relativum,

157 1477 179 1497 at
196 1475 260 1502 ipsae
284 1477 337 1497 sunt
358 1475 429 1496 «viae
447 1475 562 1503 quaedam
580 1475 609 1497 ad
635 1481 766 1503 personas»
787 1475 819 1503 (S.
838 1475 929 1503 Thom.,
948 1475 969 1497 S.
988 1476 1002 1497 Ι.

157 1519 179 1541 q.
198 1512 234 1534 40.
253 1519 272 1535 a.
292 1513 312 1534 2.
330 1515 353 1535 et
370 1512 409 1542 4.).
981 1515 984 1520 “

221 1552 233 1574 3
250 1552 317 1575 Ratio
336 1553 467 1581 hypostasis
484 1553 505 1574 in
524 1552 608 1575 divinis
633 1556 667 1575 cst
683 1552 791 1576 relativa.
810 1552 868 1575 Cum
885 1556 962 1576 autem
980 1554 1002 1575 in

157 1591 219 1613 omni
236 1591 344 1614 relatione
362 1591 549 1619 distinguendum
567 1592 595 1614 sit
610 1591 795 1620 fundamentum
813 1592 927 1614 relationis
945 1591 1003 1620 (esse

156 1629 192 1658 in)
209 1632 231 1652 et
248 1630 299 1659 ipsa
315 1629 399 1653 relatio
418 1630 477 1659 (esse
494 1630 544 1659 acl),
564 1632 632 1653 ctiam
650 1631 770 1653 relationes
788 1631 880 1653 divinae
898 1633 1004 1655 conside-

156 1671 242 1697 rantur,
256 1672 305 1691 tum
317 1671 431 1698 quatenus
448 1668 581 1692 consistant
592 1670 615 1691 in
628 1672 707 1692 natura
721 1670 797 1692 divina
806 1688 811 1698 ,
824 1674 873 1692 tuni
891 1674 1004 1700 quatenus

157 1707 296 1737 referuntur
313 1708 342 1730 ad
359 1708 465 1730 invicem.
484 1708 532 1730 Sub
549 1709 629 1731 ultimo
647 1711 753 1737 respectu
776 1716 820 1731 non
838 1714 891 1732 sunt
908 1711 950 1732 nisi
967 1707 1003 1732 ali-

156 1747 213 1776 quid
224 1747 345 1769 relativum
355 1754 360 1775 ;
373 1746 417 1769 sub
430 1748 505 1775 primo
515 1753 571 1769 vero
581 1748 756 1776 quodammodo
768 1749 854 1777 aliquid
864 1749 1002 1772 absolutum.

220 1785 240 1808 4.
259 1785 357 1808 Omnino
374 1788 473 1815 constat,
491 1792 602 1814 personas
620 1787 709 1809 divinas
722 1794 766 1809 non
779 1789 884 1810 constitui
903 1795 944 1811 nec
962 1795 1003 1817 per

156 1826 284 1853 naturam,
304 1831 346 1847 nec
362 1831 404 1853 per
421 1824 563 1848 intellectum
580 1828 602 1848 et
613 1826 776 1855 cantatorem,-
794 1832 912 1849 remanent
933 1828 1002 1855 igitur

156 1867 244 1887 tantum
270 1864 328 1886 duae
354 1863 469 1892 rationes,
497 1864 526 1886 de
553 1864 639 1893 quibus
658 1866 736 1893 quaeri
755 1867 837 1893 possit,
865 1869 941 1888 utrum
959 1868 1002 1889 sint

157 1909 308 1931 personarum
335 1902 478 1925 distinctivae
504 1907 526 1925 et
551 1904 721 1932 constitutivae,
747 1905 832 1926 scilicet
853 1904 956 1935 oriqtnes
982 1908 1004 1928 et

156 1941 295 1970 relationes,
322 1944 344 1963 et
368 1942 411 1964 hae
428 1942 523 1970 quidem
541 1942 668 1964 secundum
686 1949 737 1965 0550
754 1942 779 1965 in
796 1945 818 1965 et
834 1950 884 1965 esse
901 1943 939 1966 ad.

219 1981 251 2003 ΙΙΙ,
269 1981 379 2003 Diversae
399 1980 428 2003 de
446 1981 578 2009 quaestione
596 1982 628 2003 sic
645 1983 762 2009 proposita
780 1985 939 2010 propugnatae
951 1986 1003 2005 sunt

157 2020 287 2042 sententiae.

224 2059 240 2080 l.
259 2059 440 2086 Praepositivus,
458 2059 494 2080 cui
512 2059 573 2081 favet
590 2059 669 2081 Petrus
687 2059 844 2088 LombarduS,
863 2061 946 2089 aliique.
963 2067 1003 2089 pu-

157 2100 273 2125 taverunt,
299 2103 342 2125 per
361 2096 425 2120 solas
450 2096 553 2126 oriqz‘nes
578 2097 688 2126 distingui
707 2104 833 2126 personas;
851 2100 1002 2127 proprietates

157 2139 232 2160 autem
250 2142 295 2158 non
313 2136 453 2164 distinguere
466 2142 588 2165 personas,
607 2137 647 2159 scd
661 2137 776 2159 distinctas
794 2138 922 2161 ostendere.
943 2139 1003 2162 Haec

156 2177 246 2204 opinio,
264 2175 366 2198 secundo
384 2175 433 2197 loco
450 2176 472 2197 in
490 2181 593 2203 respons.
611 2176 699 2204 posita,
718 2182 729 2197 a
749 2177 771 2198 S.
790 2176 879 2199 Thoma
897 2180 919 2199 et
935 2178 1002 2200 Scoto

156 2214 307 2242 reprobatur,
326 2220 368 2236 nec
384 2213 413 2236 ab
431 2214 481 2241 ipso
498 2213 519 2235 S.
538 2214 623 2236 Bonav.
644 2214 794 2243 approbatur,
815 2215 929 2244 quidquid
947 2222 1002 2238 non-

157 2253 211 2276 nulli
229 2253 332 2280 dixerint,
350 2252 530 2275 contradicentes
547 2254 676 2280 perspicuis
693 2253 771 2275 verbis
788 2254 810 2275 S.
828 2254 938 2277 Doctoris.

220 2292 242 2314 S,
260 2292 373 2320 Thomas,
386 2291 467 2313 Scotus
478 2293 500 2313 et
511 2292 546 2313 alii
560 2293 713 2314 communiter
729 2295 805 2315 tenent
822 2293 953 2320 opinionem
966 2295 1002 2316 hic

156 2332 232 2360 primo
249 2331 298 2353 loco
316 2331 425 2358 positam,
443 2330 506 2359 quod
532 2337 645 2358 personae
662 2333 684 2353 et
700 2332 870 2354 constituuntur
887 2336 909 2355 et
926 2333 1002 2356 distin-

157 2373 260 2399 guuntur
285 2376 326 2398 per
348 2370 499 2398 proprietates
516 2370 628 2392 relativas.
648 2370 747 2392 Eandem
773 2372 908 2393 sententiam
934 2373 1002 2394 etiam

158 2410 179 2432 S.
198 2410 381 2432 Bonaventuram
398 2408 525 2437 sustinere,
544 2409 710 2437 comprobatur
728 2411 862 2437 praesertim
879 2417 906 2432 ex
923 2411 1001 2434 ultima

156 2449 312 2477 responsionis
329 2449 492 2476 propositione.
510 2448 560 2476 lpse
577 2451 652 2470 tamen
665 2455 716 2471 eam
728 2450 760 2471 sic
777 2449 879 2478 explicat,
898 2453 923 2472 ut
934 2451 1002 2472 ctiam

157 2487 271 2510 secundae
296 2487 419 2509 sententiae
444 2486 529 2515 aliquid
552 2487 601 2509 veri
626 2488 700 2509 inesse
718 2487 864 2510 demonstret.

221 2527 242 2548 2.
259 2526 281 2547 ln
294 2526 401 2547 ulteriore
413 2526 481 2547 huius
493 2526 616 2548 sententiae
629 2525 785 2554 eoeple'oatz'one
797 2527 881 2550 modus
894 2528 1001 2556 loquendi

157 2564 318 2593 principalium
335 2564 463 2592 doctorum,
477 2570 535 2592 quos
552 2565 574 2586 in
586 2570 611 2586 re
623 2565 717 2586 omnino
729 2567 855 2588 convenire
872 2567 1001 2594 opinamur,

157 2609 201 2625 non
220 2609 302 2631 parum
320 2603 447 2631 discrepat,
468 2605 489 2625 et
513 2603 576 2631 quod
599 2605 684 2625 mirum
702 2607 751 2632 est,
769 2605 911 2632 expositores
928 2609 1002 2633 poste·
1016 2605 1023 2608 ”

156 2643 228 2664 riores
251 2643 272 2663 S.
298 2642 482 2669 Bonaventurae,
508 2642 529 2663 S.
557 2642 660 2664 Thomae
677 2645 699 2664 et
724 2643 783 2665 Scoti
810 2644 832 2665 in
850 2650 918 2665 sensu
937 2645 1001 2666 vario

156 2687 237 2703 eorum
249 2680 320 2702 verba
333 2680 465 2708 intelligunt.
477 2692 510 2697 —-
521 2681 624 2703 Nonnulli
643 2682 736 2704 Scotum
754 2683 855 2709 graviter
872 2686 1001 2711 censuram,

157 2718 220 2746 quod
237 2724 289 2740 cum
307 2718 366 2740 Ioan.
389 2725 401 2740 a
426 2719 483 2746 Ripa
508 2719 624 2747 docuerit,
646 2726 757 2747 personas
774 2721 880 2742 constitui
897 2727 940 2748 per
960 2720 1001 2743 ali*

157 2756 213 2786 quid
229 2756 370 2780 absolutum.
389 2757 434 2779 Sed
451 2764 478 2779 ex
495 2758 567 2785 ipsius
585 2758 644 2781 Seoti
657 2758 734 2781 verbis
752 2758 776 2787 (l.
794 2760 854 2782 Sent.
873 2759 895 2782 d.
911 2761 931 2781 2.
945 2766 966 2788 q.
981 2761 1000 2781 2.

158 2794 186 2824 4,
204 2795 226 2817 d.
244 2796 280 2817 28.
298 2802 320 2824 q.
338 2796 367 2824 33
393 2796 484 2824 Report.
510 2796 532 2818 d.
559 2797 595 2818 26.
622 2804 643 2826 q.
674 2798 700 2826 l.)
719 2801 740 2820 et
757 2805 783 2820 ex
801 2798 935 2821 melioribus
952 2800 1002 2821 eius

157 2834 375 2857 commentatoribus
393 2837 491 2863 constat,
517 2841 571 2857 eum
594 2839 672 2858 tenere
689 2837 822 2864 opinionem
840 2843 1000 2864 communem,

157 2873 220 2901 quod
237 2880 349 2901 personae
366 2875 531 2896 constituantur
549 2880 590 2902 per
614 2874 747 2897 relationes.
767 2875 903 2903 Opinionem
924 2879 1001 2899 autem

157 2912 216 2933 loan.
234 2918 246 2933 a
263 2912 320 2939 Ripa
338 2913 359 2933 in
381 2918 450 2934 sensu
472 2912 590 2935 differente
607 2913 636 2935 ab
654 2914 702 2941 illo,
721 2920 791 2942 quem
809 2920 916 2937 censores
933 2915 1002 2937 huius

157 2951 271 2978 opinionis
288 2953 437 2978 supponunt,
455 2953 479 2973 ut
492 2950 640 2980 probabilem
657 2951 754 2974 admittit
779 2951 828 2980 (cfr.
855 2952 947 2980 Report.
966 2953 1002 2975 hic

157 2995 179 3017 q.
198 2989 222 3017 3;
241 2989 311 3017 Rada,
329 2992 432 3011 controv.
451 2990 491 3017 23;
509 2990 609 3018 Macedo,
622 2991 664 3012 col.
676 2991 698 3012 7.
717 2991 762 3013 dist.
782 2991 801 3013 4.
820 2994 874 3014 sect.
891 2991 949 3020 l-5.).
967 2992 1002 3013 At-

1059 505 1134 526 tamen
1147 505 1168 526 in
1182 505 1296 527 nonnullis
1313 506 1487 533 speciali0r1bus
1503 508 1574 530 rebus
1590 509 1671 533 Scotus
1683 514 1730 533 tum
1743 518 1754 534 a
1767 512 1788 534 S.
1803 513 1903 544 Thoma,

1059 544 1107 564 tum
1125 549 1137 564 a
1156 543 1178 565 S.
1196 543 1282 565 Bonav.
1310 544 1423 572 dissentit,
1449 545 1541 574 dequo
1567 548 1653 570 consuli
1680 555 1776 576 possunt
1800 552 1904 574 eiusdem

1058 580 1262 604 Commentatores.

1122 620 1142 642 3.
1161 620 1182 642 S.
1202 620 1285 643 Thom.
1312 621 1342 649 (S.
1370 622 1383 644 Ι.
1411 629 1433 651 q.
1461 622 1496 645 40.
1515 630 1534 646 a.
1554 625 1584 653 2.)
1602 626 1735 653 opinionem
1753 627 1902 656 Praepositixi

1059 659 1168 687 reprobat
1184 662 1206 682 et
1223 659 1302 682 addit:
1324 669 1333 680 α
1344 661 1409 683 Unde
1426 662 1508 684 melius
1536 662 1630 691 dicitur,
1654 665 1717 693 quod
1734 672 1846 694 personae
1863 675 1903 691 seu

1059 699 1196 726 hypostases
1213 698 1383 727 distinguantur
1400 701 1548 724 relationibus
1565 709 1635 731 quam
1653 709 1695 731 per
1711 705 1831 733 originem.
1844 707 1907 730 Licet

1059 737 1122 760 enlm
1139 737 1318 767 distinquantw-
1337 740 1435 769 utroque
1452 740 1534 769 modo,
1562 744 1637 764 tamen
1660 743 1724 771 prius
1747 746 1769 766 01
1794 746 1906 774 principa-

1059 775 1102 798 lius
1119 781 1161 804 per
1185 777 1305 799 relationes
1330 778 1459 800 secundum
1485 779 1581 801 modum
1598 781 1757 809 intelligendi»
1784 783 1831 811 (cfr.
1850 785 1904 808 ibid.

1060 821 1079 836 a.
1098 815 1119 841 3,
1137 819 1159 837 ct
1176 816 1189 837 Ι.
1207 816 1268 837 Sent.
1285 816 1307 838 d.
1327 817 1363 838 26.
1382 823 1403 845 q.
1423 818 1442 839 2.
1461 824 1480 839 a.
1500 819 1539 848 2.).
1556 832 1587 835 -—
1612 820 1734 848 Quomodo
1752 825 1828 845 autem
1846 825 1903 847 rela-

1060 854 1133 876 tiones
1155 855 1295 877 constituunt
1319 858 1447 883 personas?
1472 857 1508 879 Ad
1524 858 1567 880 hoe
1584 860 1746 887 explicandum
1763 862 1784 883 S.
1804 862 1904 886 Thomas

1060 892 1125 920 (ibid.
1143 899 1163 915 a.
1182 893 1213 922 4.)
1231 894 1301 916 utitur
1318 894 1462 917 distinctione
1479 897 1536 918 inter
1553 899 1729 927 proprietatem,
1743 903 1855 928 quatenus
1872 905 1905 924 est

1060 930 1158 960 relatio,
1178 938 1238 960 quae
1255 935 1423 961 praesupponit
1439 937 1515 957 actum
1533 937 1683 965 notionalem,
1701 941 1723 960 et
1734 941 1904 968 proprietatem,

1060 972 1174 999 quatenus
1185 973 1220 993 est
1231 971 1381 995 constitutit-a
1396 979 1512 1001 personae
1524 978 1546 996 et
1557 976 1746 1005 praeintelligitur
1761 980 1819 1000 actui
1836 981 1905 1002 notio-

1060 1009 1111 1030 nali.
1124 1009 1185 1031 Haec
1202 1009 1314 1032 distinctio
1331 1017 1343 1032 a
1362 1011 1428 1033 Seoto
1446 1012 1470 1040 (l.
1489 1013 1549 1035 Seni.
1562 1014 1583 1035 d.
1602 1015 1637 1036 28.
1655 1021 1677 1043 q.
1696 1015 1726 1044 3.)
1744 1016 1904 1047 impugnatur3

1060 1049 1169 1070 sententia
1182 1051 1259 1071 autem
1272 1049 1294 1071 S.
1313 1050 1416 1073 Thomae
1435 1057 1478 1073 non
1497 1052 1579 1074 eodeni
1597 1054 1667 1076 modo
1685 1056 1805 1083 exponitur
1817 1063 1828 1078 a
1842 1056 1906 1080 Com-

1060 1087 1226 1109 inentatoribus
1242 1089 1305 1117 eius,
1324 1090 1363 1118 qui
1380 1089 1409 1112 dc
1427 1091 1470 1112 hoc
1487 1092 1575 1114 consuli
1592 1097 1695 1120 possunt.

1124 1126 1144 1148 4.
1163 1127 1184 1148 S.
1202 1127 1376 1151 Bonaventurae
1394 1135 1406 1151 a
1423 1130 1529 1157 plumbus
1546 1132 1679 1155 auctoribus
1692 1139 1814 1162 perperam
1832 1137 1905 1165 impu-

1060 1167 1119 1187 tatur
1136 1166 1214 1193 opinio
1231 1166 1320 1189 loannis
1342 1173 1354 1189 a
1372 1168 1442 1196 Ripa,
1461 1169 1523 1197 quod
1540 1176 1582 1197 per
1599 1170 1676 1194 solam
1693 1172 1808 1202 orz'ytnem
1824 1179 1846 1197 et
1863 1182 1906 1204 per

1059 1204 1145 1233 aliquid
1170 1204 1306 1227 absolutum
1331 1212 1443 1233 personae
1469 1207 1649 1238 distinguantur,
1673 1211 1743 1234 immo
1769 1212 1798 1234 ab
1823 1214 1903 1237 iisdem

1059 1244 1182 1271 assei-Itur,
1207 1244 1283 1271 ipsum
1309 1245 1402 1267 Scotum
1429 1246 1481 1274 (hic.
1505 1254 1527 1275 q.
1549 1248 1566 1270 Ι.
1584 1254 1606 1270 n.
1625 1249 1660 1271 23.
1684 1250 1730 1279 ⁸24.)
1749 1252 1777 1273 ita
1795 1252 1816 1274 S.
1835 1253 1904 1276 Bona-

1060 1284 1180 1304 venturam
1198 1283 1339 1306 intellexisse.
1359 1285 1417 1307 111101·
1434 1286 1490 1308 alios
1501 1286 1616 1314 Lychetus.
1627 1288 1657 1310 ad
1672 1289 1733 1312 hunc
1750 1290 1825 1313 locum
1838 1292 1902 1316 dicit:

1063 1329 1072 1340 «1
1083 1321 1120 1343 Est
1137 1321 1162 1343 D.
1180 1322 1354 1345 Bonaventurae
1371 1326 1393 1346 et
1410 1324 1468 1346 loan.
1486 1324 1515 1346 (le
1532 1326 1589 1353 Ripa
1600 1333 1620 1353 »ς
1638 1328 1707 1349 etiam
1728 1327 1848 1352 Caietanus
1866 1330 1904 1358 (ad

1060 1360 1082 1381 S.
1101 1360 1114 1381 l.
1133 1366 1154 1388 q.
1174 1360 1210 1382 40.
1228 1367 1248 1382 a.
1267 1361 1298 1390 ΞΔ.)
1316 1363 1463 1389 reprehendit
1488 1363 1596 1393 Scotum,
1615 1365 1678 1393 quod
1695 1367 1753 1389 hanc
1769 1370 1903 1391 senteutiam

1058 1396 1120 1426 falso
1138 1398 1264 1421 attribuerit
1281 1400 1302 1421 S.
1321 1400 1501 1424 Bonaventurae.
1520 1403 1608 1425 Revera
1626 1407 1703 1426 autem
1720 1411 1762 1427 nec
1779 1406 1800 1428 S.
1818 1407 1903 1430 Bonav.

1060 1437 1103 1458 hoc
1120 1437 1209 1465 docuit,
1228 1444 1269 1460 nec
1286 1439 1367 1461 Scotus
1384 1440 1484 1462 eundem
1502 1443 1648 1469 reprehendit
1666 1444 1715 1472 (ctr.
1733 1448 1812 1467 auctor
1837 1447 1904 1469 Scho-

1060 1476 1142 1498 liorum
1160 1480 1182 1499 et
1207 1480 1313 1499 notarum
1336 1480 1497 1507 marginalium
1526 1481 1547 1502 in
1574 1481 1673 1504 editione
1698 1483 1770 1512 scoti,
1795 1484 1904 1513 Lugduni

1064 1514 1134 1543 1639,
1152 1518 1173 1537 ct
1190 1515 1291 1544 Macedo,
1306 1517 1357 1539 coll.
1370 1516 1391 1539 7.
1410 1517 1456 1540 dili'.
1476 1518 1495 1540 4.
1514 1519 1623 1549 Prolog.).
1640 1521 1705 1543 Unde
1722 1521 1845 1544 dicendum
1863 1527 1904 1551 051,

1061 1554 1154 1575 Scotum
1173 1561 1214 1577 nec
1231 1555 1287 1577 illud
1304 1562 1406 1578 asserere
1424 1557 1452 1579 de
1470 1558 1491 1579 S.
1510 1558 1676 1587 Bonaventura,
1695 1566 1737 1582 nec
1762 1561 1905 1589 improbasse

1060 1594 1184 1620 genuinam
1197 1594 1246 1616 eius
1258 1596 1399 1617 sentennam.
1417 1596 1473 1618 Nam
1491 1597 1541 1623 (loc.
1555 1598 1600 1626 cit.)
1614 1601 1737 1627 postquam
1752 1601 1845 1627 protulit
1856 1608 1904 1623 sen-

1061 1633 1159 1660 tentiam,
1182 1640 1191 1652 α
1202 1633 1266 1661 quod
1278 1635 1436 1662 proprietates,
1449 1636 1576 1658 secundun]
1590 1637 1653 1665 quod
1671 1641 1723 1660 sunt
1740 1638 1886 1663 habitudines
1895 1659 1902 1669 ,

1061 1677 1105 1692 non
1124 1671 1264 1699 distinguant
1280 1678 1402 1701 personas,
1421 1674 1461 1696 scd
1479 1675 1606 1697 secundum
1625 1677 1687 1705 quod
1705 1680 1758 1700 sunt
1771 1678 1873 1708 oriymes
1885 1688 1904 1708 n,

1060 1709 1132 1731 addit:
1154 1718 1163 1729 α
1174 1710 1241 1738 Quod
1259 1711 1364 1740 verbum,
1383 1713 1434 1734 licet
1451 1714 1507 1735 sorte
1524 1714 1573 1742 ipse
1591 1721 1635 1736 non
1653 1716 1685 1738 sic
1702 1717 1817 1746 intelligat,
1830 1722 1904 1746 potest

1060 1750 1155 1777 exponi,
1177 1749 1240 1777 quod
1265 1751 1365 1778 origines
1390 1757 1435 1773 non
1459 1752 1601 1781 distinguunt
1626 1760 1736 1782 personas
1752 1756 1903 1786 formaliter,

1059 1787 1101 1809 sed
1118 1788 1183 1816 quasi
1198 1787 1392 1817 prnzczsspz'ative».
1411 1789 1436 1812 Et
1454 1790 1475 1812 d.
1494 1791 1529 1812 28.
1548 1798 1569 1820 q.
1584 1792 1604 1813 3.
1617 1798 1638 1814 n.
1652 1793 1672 1814 3.
1685 1793 1745 1822 dicit,
1763 1795 1825 1823 quod
1838 1797 1903 1824 origo

1060 1827 1088 1848 sit
1105 1827 1170 1855 quasi
1190 1826 1226 1849 ria
1243 1827 1273 1849 ad
1298 1834 1434 1856 personam,
1462 1829 1544 1851 deinde
1562 1830 1689 1854 subnectit:
1711 1833 1752 1854 «Si
1771 1837 1845 1856 tamen
1863 1836 1903 1857 ista

1061 1865 1096 1886 via
1114 1866 1245 1893 intelligitur
1262 1866 1291 1888 de
1308 1866 1452 1897 distinguere
1468 1868 1539 1897 qnasi
1556 1869 1720 1899 princtpz'atice
1744 1872 1840 1895 alicuius
1857 1880 1903 1896 eor-

1060 1904 1220 1931 respondenlis
1237 1910 1319 1927 causae
1336 1906 1454 1928 effiaechae
1471 1907 1492 1928 in
1511 1909 1630 1936 creaturis,
1649 1909 1707 1931 sicut
1724 1911 1852 1938 expositum
1870 1914 1904 1933 est

1059 1942 1082 1964 d.
1101 1944 1142 1971 26,
1160 1945 1181 1965 et
1199 1949 1243 1965 non
1261 1950 1303 1971 per
1320 1944 1416 1967 modum
1433 1945 1543 1975 principii
1558 1945 1675 1975 formalis,
1696 1951 1748 1971 tunc
1765 1950 1805 1971 ista
1821 1951 1902 1977 positio

1059 1984 1137 2009 posset
1148 1982 1233 2004 habere
1245 1983 1370 2011 veritatem,
1384 1990 1426 2005 nee
1438 1985 1481 2006 1100
1489 1988 1652 2012 argumentum
1665 1990 1724 2009 esset
1733 1991 1810 2010 contra
1822 1995 1873 2010 eam
1882 1998 1902 2011 υ.

1122 2022 1223 2042 Genuina
1242 2022 1351 2043 sententia
1369 2022 1390 2044 S.
1408 2022 1581 2045 Bonaventurae
1599 2030 1643 2046 non
1661 2025 1736 2047 differt
1759 2032 1771 2048 a
1794 2028 1903 2050 sententia

1059 2061 1188 2087 communi,
1207 2060 1248 2082 nisi
1265 2061 1287 2082 iu
1306 2061 1349 2082 1100
1366 2061 1428 2089 quod
1447 2061 1479 2089 (ut
1506 2063 1638 2090 opinionem
1664 2064 1809 2093 antiquorum
1829 2066 1903 2088 docto-

1058 2105 1118 2126 rum,
1137 2100 1271 2127 pracsertim
1289 2100 1398 2128 Magistri,
1417 2101 1493 2129 aliquo
1512 2101 1581 2123 modo
1598 2108 1652 2124 sane
1670 2106 1776 2132 exponat)
1794 2105 1815 2126 in
1833 2105 1903 2127 inodo

1059 2138 1167 2166 loquendi
1193 2138 1293 2160 mediam
1319 2139 1381 2160 viam
1408 2141 1478 2167 tenet,
1504 2140 1588 2162 scilicet
1610 2141 1674 2169 quod
1692 2148 1803 2169 personae
1820 2145 1903 2166 consti-

1060 2179 1154 2199 tuuntur
1180 2179 1227 2198 tum
1254 2183 1295 2204 per
1319 2178 1435 2205 origines,
1461 2181 1510 2200 tum
1536 2185 1577 2206 per
1594 2181 1760 2207 proprietates:
1778 2187 1819 2208 per
1836 2183 1903 2210 origi-

1060 2221 1099 2237 nes
1128 2215 1222 2243 quidem
1248 2214 1391 2243 inchoata-e,
1421 2222 1463 2244 per
1485 2217 1606 2239 relationes
1632 2217 1773 2247 formaliter.
1800 2220 1903 2248 lntelligit

1059 2257 1135 2276 autem
1158 2253 1291 2282 relationes,
1312 2260 1356 2276 non
1382 2258 1496 2283 quatenus
1524 2256 1599 2278 nudae
1625 2257 1745 2280 relationes
1770 2262 1833 2286 sunt,
1862 2260 1902 2282 sed

1059 2300 1112 2316 cum
1141 2293 1281 2321 originibus,
1309 2296 1331 2316 et
1358 2294 1441 2316 iterum
1469 2294 1571 2324 oriqines
1599 2302 1643 2318 non
1671 2297 1720 2318 sine
1747 2297 1901 2320 relationibus.

1058 2333 1119 2355 Haec
1136 2335 1211 2354 nostra
1230 2334 1324 2354 assertio
1345 2334 1391 2355 iam
1414 2334 1468 2355 satis
1484 2336 1545 2361 patet
1562 2340 1588 2356 ex
1606 2335 1723 2357 collatione
1741 2342 1820 2358 corum
1844 2343 1903 2365 quae

1059 2372 1095 2394 hic
1112 2372 1134 2393 in
1152 2378 1215 2399 corp.
1233 2375 1255 2393 et
1272 2372 1302 2394 ad
1323 2372 1339 2394 l.
1354 2373 1373 2393 2.
1388 2371 1412 2400 4-;
1426 2372 1447 2394 d.
1461 2373 1497 2394 27.
1516 2379 1538 2400 p.
1557 2373 1571 2395 l.
1589 2380 1610 2402 q.
1630 2375 1656 2402 2;
1675 2374 1696 2396 d.
1710 2375 1746 2396 28.
1759 2382 1780 2403 q.
1795 2376 1814 2397 2.
1828 2377 1900 2403 prosc-

1059 2415 1155 2439 runtur,
1183 2414 1205 2433 et
1229 2412 1384 2439 peremptorie
1409 2411 1521 2439 probatur
1546 2413 1673 2435 authentica
1700 2419 1755 2435 suae
1780 2415 1902 2437 sentcntiae

1059 2451 1257 2478 interpretatione,
1275 2456 1346 2478 quam
1370 2450 1508 2478 Seraphieus
1525 2451 1608 2473 Doctor
1625 2452 1677 2474 tacit
1693 2453 1714 2474 in
1732 2453 1842 2475 anecdota
1860 2460 1901 2476 suo

1059 2489 1156 2516 Prologo
1174 2488 1202 2510 ad
1221 2489 1243 2510 ll.
1262 2489 1335 2517 Scot.,
1353 2489 1449 2517 loquens
1467 2490 1495 2511 de
1513 2492 1645 2518 quaestione
1663 2491 1719 2513 infra
1744 2491 1765 2513 d.
1793 2492 1828 2514 27.
1847 2499 1868 2520 p.
1887 2493 1901 2514 l.

1059 2535 1080 2557 q.
1100 2528 1120 2549 2.
1138 2530 1230 2550 tractata
1249 2527 1312 2553 (vide
1329 2527 1361 2549 ibi
1379 2528 1502 2556 Scholion).
1520 2528 1577 2550 Cum
1590 2529 1611 2550 S.
1625 2529 1783 2551 Bonax‘entura
1796 2532 1902 2553 convenit

1059 2570 1149 2595 practer
1161 2567 1295 2594 Dionysium
1313 2566 1387 2589 Carth.
1401 2567 1506 2589 nichard.
1519 2574 1531 2589 a
1544 2568 1614 2596 Med,
1627 2569 1666 2597 qui
1680 2569 1736 2591 duas
1748 2570 1866 2597 opiniones
1879 2571 1899 2592 in

1058 2612 1161 2633 respons.
1180 2608 1249 2627 tactas
1261 2606 1365 2628 conciliat
1384 2606 1473 2634 dicens,
1500 2607 1563 2635 quod
1587 2609 1743 2630 emanationes
1760 2609 1803 2630 sint
1821 2610 1901 2636 princi-

1059 2645 1122 2672 pium
1141 2644 1206 2672 quasi
1223 2644 1353 2666 effectivum
1372 2644 1521 2667 distinctionis
1539 2651 1702 2673 personarum,
1715 2647 1833 2669 relationes
1846 2653 1900 2669 vero

1058 2683 1162 2705 ciusdem
1180 2683 1291 2710 principia
1309 2683 1419 2704 formalia.
1437 2683 1459 2705 S.
1486 2684 1599 2705 Thomam
1617 2684 1694 2712 quoad
1711 2691 1758 2706 rem
1781 2685 1841 2707 idem
1861 2686 1901 2707 do-

1058 2728 1121 2749 cere,
1139 2722 1184 2743 iam
1202 2724 1262 2749 patet
1279 2728 1305 2743 ex
1323 2722 1372 2743 loco
1389 2723 1438 2744 cius
1455 2729 1524 2750 supra
1542 2723 1619 2751 relato,
1637 2723 1683 2745 scil.
1701 2724 1722 2745 S.
1735 2723 1749 2745 Ι.
1762 2730 1783 2752 q.
1797 2723 1833 2746 40.
1846 2731 1865 2746 a.
1879 2725 1899 2746 2.

1122 2760 1157 2782 lV.
1170 2761 1230 2782 Alex.
1249 2760 1304 2788 Hah,
1322 2760 1343 2782 S.
1362 2767 1384 2788 p.
1403 2761 1417 2782 Ι.
1435 2768 1456 2789 (1.
1475 2761 1511 2783 58.
1530 2768 1559 2784 111.
1572 2762 1593 2783 7.
1607 2774 1637 2778 -
1649 2763 1715 2789 Scot.,
1734 2764 1769 2785 hic
1786 2770 1807 2792 q.
1821 2764 1898 2789 unica,

1058 2802 1080 2821 et
1097 2799 1118 2821 d.
1137 2800 1173 2821 ²28.
1192 2806 1213 2827 q.
1232 2799 1260 2827 33
1278 2799 1370 2827 Report.
1389 2800 1425 2822 1110
1442 2806 1463 2828 q.
1483 2801 1503 2822 ⁵2.
1520 2812 1552 2816 —
1570 2801 1590 2822 S.
1611 2801 1700 2828 Thom.,
1719 2802 1755 2823 hic
1773 2808 1793 2830 q.
1813 2803 1865 2824 221.
1879 2803 1899 2830 ¹2,

1058 2844 1079 2865 q.
1099 2838 1118 2859 l.
1137 2844 1156 2859 a.
1175 2838 1201 2863 ‘Z;
1219 2837 1241 2859 S.
1260 2837 1301 2859 loc.
1319 2838 1354 2859 cit.
1372 2850 1404 2854 —
1421 2838 1443 2859 B.
1462 2838 1553 2863 Albert..
1572 2839 1608 2860 1110
1625 2845 1644 2860 a.
1658 2839 1678 2861 5.
1690 2851 1721 2855 —-
1733 2839 1789 2861 petr.
1808 2846 1819 2862 a
1839 2841 1898 2867 Tar„

1058 2876 1093 2897 liic
1111 2882 1133 2904 q.
1152 2876 1172 2897 ⁴2.
1190 2882 1209 2897 a.
1228 2876 1248 2897 3.
1266 2888 1298 2892 —
1321 2876 1428 2898 Richard.
1454 2883 1466 2898 a
1485 2877 1549 2904 Med„
1568 2878 1603 2899 hic
1621 2883 1640 2899 a.
1659 2878 1679 2899 3.
1698 2884 1719 2906 q.
1739 2879 1758 2899 2.
1777 2890 1808 2894 —
1825 2879 1897 2906 AEgid.

1058 2915 1091 2941 R„
1109 2915 1145 2936 hic
1167 2915 1183 2936 l.
1210 2916 1281 2943 princ.
1309 2922 1332 2943 q.
1351 2916 1371 2937 2.
1391 2916 1410 2937 3.
1428 2927 1459 2932 —
1476 2916 1542 2937 llenr.
1560 2916 1640 2945 (jand,
1658 2917 1679 2938 S.
1697 2923 1717 2939 a.
1736 2918 1771 2939 36.
1791 2924 1811 2946 q.
1831 2918 1850 2940 3.
1868 2930 1899 2934 —

1058 2953 1166 2981 Durand.,
1185 2954 1220 2975 hic
1238 2960 1259 2982 q.
1282 2954 1298 2976 l.
1315 2966 1347 2970 -
1365 2954 1456 2981 Dionys.
1474 2954 1561 2983 Carth.,
1580 2956 1616 2977 hic
1633 2962 1654 2984 q.
1674 2957 1693 2978 2.
1712 2959 1734 2978 et
1760 2957 1779 2978 3.
1797 2969 1828 2972 —
1846 2957 1897 2984 nivi,

1058 2992 1094 3014 1110
1111 2999 1133 3020 q.
1155 2992 1172 3013 1.
1190 2995 1210 3014 01
1229 2998 1292 3020 seqq.
