2215 3404
796 196 879 224 DIST.
901 196 978 225 XXV.
1001 196 1072 224 ART.
1095 196 1113 224 I.
1136 197 1270 233 QUAEST.
1292 197 1310 225 I.

178 274 269 310 prima
290 273 472 308 determinat,
494 273 634 311 quomodo
656 273 792 311 accipitur
812 281 947 310 persona,
962 281 1025 302 cum

179 320 299 349 dicitur:
321 320 375 348 alia
397 323 438 349 est
458 328 578 357 persona
604 320 704 354 Patris,
727 320 862 354 secundO,
888 319 1027 356 quomodo

179 366 330 403 accipitur,
352 375 417 396 cum
439 367 556 396 dicitur:
578 366 650 395 alius
671 369 713 395 est
734 366 813 394 Pater
834 366 862 394 in
892 374 1012 403 persona
1020 377 1027 400 3

180 413 263 442 tertio
284 413 337 441 1106
362 413 510 441 confirmat
523 412 743 441 auetoritatibus.
759 412 884 440 Primum
898 412 963 440 facit
977 411 1026 440 ibi:

1870 203 1926 231 435

1084 273 1169 302 Nunc
1191 274 1385 311 inspiciemus
1407 279 1470 310 etc.;
1486 277 1638 305 secundum
1656 278 1705 306 ibi:
1723 279 1830 307 Deinde
1844 289 1927 318 qutie—

1083 320 1174 354 ritur,
1197 324 1299 349 utrum
1319 321 1480 350 secundnm
1495 322 1615 350 eandem
1629 324 1773 352 rationem
1778 335 1788 358 ;
1803 326 1915 354 tertium

1084 366 1140 395 ibi:
1165 367 1248 402 Quod
1268 371 1366 395 civitem
1386 368 1546 396 seeundum
1567 369 1763 398 substantiam
1778 371 1904 400 discitur.

1919 349 1926 361 7

823 521 1008 550 TRACTATIO
1033 521 1275 557 QUAESTIONUM.

256 630 296 659 Ad
317 629 526 667 intelligentiam
548 630 634 659 huius
654 630 742 667 partis
764 630 820 659 duo
834 630 1025 667 principaliter

179 680 364 714 quaeruntur..

245 722 349 751 ,Primo
370 723 517 760 quaeritur
545 723 579 752 de
606 723 762 760 quidditate
791 723 877 752 huius
906 723 1025 753 nominis

174 778 312 807 persona.

257 816 383 845 Secundo
405 817 551 854 quaeritur
574 816 608 845 (16
630 817 829 845 communitate
850 817 984 846 eiusdem.

1161 631 1302 667 Quantum
1323 631 1358 660 ad
1380 632 1503 669 primum
1527 632 1583 661 duo
1604 637 1787 670 quaeruntur.

1161 677 1252 706 Primo
1284 678 1429 715 quaeritur
1455 679 1490 707 de
1516 687 1647 716 persona,
1675 680 1742 717 quid
1768 681 1803 709 sit
1831 688 1926 710 secun-

1082 723 1151 752 dum
1171 732 1240 752 rem.

1162 771 1306 807 Secundo,
1327 772 1395 809 quid
1418 772 1453 801 sit
1474 773 1629 801 secundum
1651 773 1847 803 definitionem.

910 949 1143 983 ARTICULUS
1169 950 1191 983 Ι.

789 1067 829 1095 De
850 1067 1012 1105 qnidditctte
1032 1067 1160 1096 nominis
1180 1076 1307 1104 persona.

951 1199 1113 1235 QUAESTIO
1135 1199 1152 1227 1.

273 1307 377 1336 Utrum
399 1315 505 1336 nomen
530 1315 650 1344 persona
675 1307 706 1336 in
726 1307 835 1336 divinis
856 1308 975 1336 dicatu-r
995 1308 1157 1336 secundiani
1177 1308 1388 1343 substantiam,
1410 1318 1450 1337 cin
1471 1310 1631 1338 semitutum
1652 1310 1829 1339 relationem.

255 1440 286 1468 Et
306 1439 381 1476 quod
390 1448 518 1476 persona
533 1439 642 1468 dicatur
657 1439 812 1468 secundum
827 1439 1020 1474 substantiam,

175 1486 305 1516 videtur:

256 1535 281 1561 l.
302 1534 342 1561 Ex
364 1533 457 1562 verbis
476 1533 621 1570 Augustini
644 1533 761 1570 septimo
789 1533 824 1562 de
853 1533 1020 1562 Trinitate¹:

35 1593 166 1617 Arge-meo
180 1580 278 1609 «Idem
291 1583 332 1609 est
352 1580 409 1609 Deo
429 1588 490 1609 esse
511 1582 538 1608 et
559 1587 708 1617 personam
729 1588 827 1609 esse».
850 1580 881 1608 Et
901 1580 1019 1609 iterum:

47 1617 96 1639 quod
113 1617 163 1635 dica-

48 1642 77 1658 tur
97 1645 163 1659 secun-

47 1663 90 1681 dum
98 1687 101 1690 4
119 1664 161 1682 sub-

47 1689 140 1705 stantiam.

180 1637 194 1652 «
208 1626 277 1655 Cum
299 1626 418 1655 dicimus
432 1634 579 1663 personam
606 1626 708 1661 Patris,
727 1635 782 1655 non
803 1626 880 1655 aliud
902 1626 1021 1655 dicimus

174 1681 257 1711 quam
280 1673 463 1702 substantiam
485 1673 573 1702 Patris
583 1684 610 1701 »z
633 1681 699 1710 ergo
719 1681 839 1710 persona
860 1673 929 1701 nihil
944 1673 1022 1701 aliud

175 1719 241 1748 dicit
255 1727 340 1757 quam
361 1719 557 1755 substantiam,
579 1727 645 1756 ergo
665 1727 784 1757 persona
805 1720 908 1749 dieitur
928 1729 1023 1750 5661111-

175 1766 243 1795 (111111
264 1766 456 1795 substantiam.

255 1814 280 1841 2.
296 1813 372 1847 Item,
383 1813 529 1842 Anselmus
543 1813 572 1842 in
585 1813 641 1842 fine
656 1813 829 1851 Monologii2:
850 1814 940 1850 «Quot
958 1818 1023 1843 sunt

174 1867 319 1897 personae,
334 1863 374 1889 tot
388 1864 453 1889 sunt
465 1860 635 1890 substantiae
647 1871 672 1889 »z
685 1869 752 1898 ergo
766 1869 867 1890 nomen
878 1870 1023 1898 personae

176 1907 278 1936 dicitur
299 1907 454 1936 secundum
475 1907 668 1936 substantiam.

255 1953 281 1982 3.
301 1953 382 1987 Item,
409 1954 486 1991 Hugo
507 1953 542 1982 de
573 1956 667 1982 sancto
699 1954 807 1983 Victore
834 1954 862 1982 in
884 1953 956 1982 libro
987 1954 1022 1983 (16

176 1999 375 2034 Sacramentis,
401 2000 429 2028 in
450 2000 542 2037 prima
561 2003 641 2037 parte
669 2000 732 2029 libri
756 2000 903 2029 secundi³z
930 2001 1020 2029 Unum

177 2046 267 2075 solum
288 2054 389 2075 nomen
410 2049 452 2075 est
473 2046 671 2081 substantiale,
692 2047 768 2084 quod
789 2047 823 2075 de
844 2047 962 2083 singulis
983 2047 1021 2075 (11-

176 2093 249 2121 citur
270 2093 462 2130 singulariter,
484 2093 512 2121 in
533 2101 644 2121 summa
665 2096 758 2122 tamen
779 2101 834 2121 non
850 2093 952 2122 dicitur
968 2094 1020 2122 sin-

175 2139 318 2175 gulariter,
347 2139 396 2168 sed
417 2139 564 2176 pluraliter
591 2139 800 2176 pronuntiatur,
821 2142 853 2168 ut
883 2148 1019 2177 persona:

175 2194 241 2223 ergo
262 2186 315 2214 1106
335 2193 436 2215 nomen
447 2194 576 2223 personet
596 2188 638 2214 est
658 2193 759 2214 nomen
781 2186 970 2215 substantiale.

253 2233 280 2261 [1.
302 2232 382 2267 Item,
404 2233 535 2262 Boethius
557 2233 582 2261 in
606 2233 677 2262 libro
708 2233 743 2261 de
770 2233 886 2262 Duabus
913 2233 1021 2262 naturis

176 2282 203 2308 et
223 2287 279 2308 una
300 2287 420 2317 persona
450 2279 571 2308 Christi⁴
603 2288 751 2317 personam
777 2280 911 2309 definiens
939 2280 1019 2315 dicit,

1077 1440 1152 1476 quod
1172 1450 1185 1465 (1
1197 1442 1238 1468 est
1259 1439 1400 1468 rationalis
1421 1443 1538 1469 naturae
1559 1440 1703 1469 individua
1729 1441 1882 1470 substantia
1896 1453 1924 1477 »3

1078 1486 1124 1514 sed
1148 1486 1170 1514 si
1192 1486 1347 1515 substantia
1368 1487 1547 1523 praedicatur
1568 1488 1596 1515 in
1619 1492 1709 1522 recto,
1738 1491 1764 1516 et
1792 1496 1846 1516 non
1874 1497 1924 1526 per

1077 1532 1218 1567 accidens,
1240 1533 1288 1562 sed
1303 1533 1459 1561 secundum
1481 1541 1525 1562 se:
1547 1537 1613 1563 tune
1635 1542 1700 1571 ergo
1722 1542 1840 1571 persona
1859 1536 1925 1564 dicit

1078 1579 1262 1608 substantiam
1285 1580 1441 1609 seeundum
1462 1588 1558 1609 omnes
1579 1581 1715 1610 doctores.

1158 1628 1183 1655 5.
1205 1627 1285 1661 Item,
1307 1627 1359 1656 1106
1380 1627 1473 1664 ipsum
1494 1628 1605 1656 videtur
1626 1628 1750 1663 ratione,
1766 1632 1793 1658 et
1808 1630 1860 1658 1106
1874 1638 1924 1667 per

1078 1673 1256 1702 divisionem.
1273 1674 1404 1703 Boethius
1414 1674 1423 1687 ⁵
1439 1674 1512 1703 enim
1525 1675 1652 1703 venando
1663 1675 1851 1705 definitionem
1860 1685 1925 1713 per-

1077 1729 1166 1749 sonae
1187 1720 1265 1755 dicit,
1287 1721 1361 1758 quod
1383 1724 1432 1749 aut
1447 1724 1488 1750 est
1499 1721 1663 1756 substantia,
1678 1725 1727 1750 aut
1742 1723 1881 1756 accidens3
1897 1726 1924 1752 et

1079 1767 1153 1802 dicit,
1164 1767 1240 1804 quod
1251 1775 1305 1795 non
1321 1771 1363 1796 est
1377 1768 1519 1796 accidens:
1535 1775 1602 1805 ergo
1617 1769 1780 1797 substantia.
1796 1769 1823 1797 Si
1838 1769 1923 1807 igitur

1078 1821 1197 1850 persona
1212 1814 1239 1842 in
1261 1814 1304 1843 his
1325 1814 1503 1842 inferioribus
1524 1814 1590 1843 dicit
1611 1815 1795 1843 substantiam
1814 1818 1841 1844 et
1855 1816 1923 1852 quid

1078 1869 1128 1898 per
1149 1868 1179 1889 se
1201 1861 1339 1890 existens:
1362 1869 1429 1898 ergo
1450 1864 1477 1889 et
1500 1861 1527 1889 in
1547 1861 1612 1889 Deo.

1157 1909 1183 1937 6.
1204 1908 1287 1942 Item,
1308 1908 1361 1936 1106
1389 1908 1501 1937 videtur
1525 1916 1577 1944 per
1608 1908 1670 1936 eius
1695 1908 1923 1943 absolutionem,

1077 1954 1208 1991 quoniam
1230 1962 1312 1983 omne
1334 1962 1450 1989 nomen,
1466 1955 1540 1992 quod
1555 1955 1657 1983 dicitur
1672 1955 1713 1983 acl
1725 1964 1764 1989 se,
1780 1956 1847 1984 dicit
1861 1956 1924 1985 sub-

1078 2001 1206 2029 stantiam
1228 2001 1255 2028 in
1278 2001 1395 2035 divinis,
1417 2001 1481 2038 quia
1503 2001 1557 2030 tale
1572 2009 1626 2029 non
1642 2002 1796 2030 secundum
1816 2002 1923 2031 relatio-

1077 2055 1141 2076 nem
1163 2048 1279 2082 dicitur3
1301 2048 1350 2076 sed
1372 2048 1425 2076 1106
1442 2055 1542 2077 nomen
1554 2057 1683 2085 persona
1696 2051 1738 2077 est
1752 2049 1921 2078 huiusmodi.

1077 2094 1130 2123 Hoc
1152 2097 1242 2131 patet;
1263 2097 1290 2123 et
1311 2094 1481 2131 Augustinus
1496 2095 1560 2123 dicit
1577 2095 1693 2132 septimo
1708 2095 1742 2124 de
1757 2096 1921 2124 Trinitate⁵x

1083 2141 1142 2169 «Ad
1157 2149 1186 2170 se
1201 2141 1304 2178 quippe
1318 2141 1420 2169 dicitur
1432 2150 1570 2178 persona,
1584 2144 1615 2170 ut
1626 2141 1717 2170 bonus
1731 2144 1758 2170 et
1768 2150 1920 2179 magnusm

1077 2195 1143 2224 ergo
1165 2191 1216 2216 etc.

1156 2235 1181 2261 7.
1194 2234 1269 2268 Item,
1282 2234 1333 2263 1106
1348 2234 1460 2263 videtur
1474 2242 1524 2271 per
1540 2234 1683 2263 Ecclesiae
1694 2235 1919 2272 responsionem:

1077 2280 1143 2317 quia
1163 2288 1245 2309 omne
1267 2288 1383 2315 nomen,
1412 2281 1487 2318 quod
1514 2281 1710 2310 convenienter
1736 2282 1921 2318 respondetur

238 2488 246 2503 1
264 2488 319 2517 Cap.
337 2489 358 2511 6.
379 2495 401 2511 n.
428 2490 436 2511 l1
445 2490 464 2512 l.
489 2502 520 2506 —
542 2490 615 2513 Etiam
639 2493 713 2513 textus
737 2491 882 2520 subsequens
904 2492 1018 2514 invenitur

176 2527 231 2550 ibid.
249 2527 293 2550 Csr.
319 2528 355 2550 1116
372 2528 402 2551 lit.
420 2528 528 2557 Magistri,
545 2535 565 2551 6.
584 2530 604 2551 Ἰ.
622 2531 645 2552 et
662 2530 683 2551 2.
705 2542 736 2546 —-
752 2530 803 2552 Vat.
820 2531 901 2553 omittit
919 2531 1018 2559 primam

176 2567 358 2589 conclusionem:
375 2572 431 2596 erqo
447 2572 551 2596 persona
567 2570 609 2590 ete.

238 2605 248 2619 ‘2
265 2605 320 2634 Cap.
337 2606 374 2628 78.

238 2643 248 2658 ³
265 2643 319 2672 Cap.
338 2643 364 2667 4:
381 2644 417 2667 Ad
444 2650 468 2667 se
491 2645 579 2673 quippe
604 2645 686 2668 dicitur
702 2652 809 2674 persona,
827 2652 872 2668 non
890 2646 919 2668 ad
936 2646 1017 2668 Filium

177 2683 213 2705 vel
231 2683 260 2705 ad
276 2684 387 2711 Spiritum
403 2686 515 2713 sanctum,
532 2685 591 2707 sicut
607 2684 668 2707 Deus
693 2688 715 2707 et
731 2685 820 2707 similia.
837 2685 886 2707 1-106
902 2685 964 2707 6111111
985 2691 1019 2708 so-

178 2722 225 2744 lum
247 2728 331 2744 nomen
347 2724 393 2750 est,
413 2722 477 2751 quod
493 2728 547 2745 cum
564 2723 653 2745 dicatur
670 2723 698 2746 de
715 2724 812 2752 singulis
829 2724 858 2746 ad
875 2730 910 2752 se⁷
928 2724 1019 2752 plurali-

178 2764 226 2789 ter⁷
252 2767 297 2783 non
318 2761 463 2789 singulariter
479 2762 603 2790 accipiatur
619 2763 641 2784 in
659 2768 757 2785 summa.
780 2763 882 2785 Dicimus
907 2769 1018 2792 namque,

178 2799 241 2828 quod
258 2799 322 2822 Pater
338 2802 372 2822 est
388 2806 493 2828 persona,
510 2802 533 2822 et
548 2800 616 2823 Filius
637 2807 744 2829 persona,
767 2803 790 2823 et
806 2801 903 2829 Spiritus
928 2804 1020 2824 sanctus

178 2844 284 2866 persona.
301 2839 366 2861 Pater
382 2840 457 2861 tamen
474 2841 497 2861 et
512 2839 580 2861 Filius
596 2842 618 2861 et
634 2840 732 2868 Spiritus
748 2843 839 2862 sanctus
856 2846 901 2862 non
914 2846 957 2862 una
970 2846 1020 2868 per-

180 2883 234 2899 sona
245 2895 250 2905 ,
268 2877 307 2899 sed
325 2881 377 2900 tres.
933 2876 936 2880 '

241 2915 250 2930 4
267 2916 322 2944 Cap.
336 2917 356 2940 3.
367 2928 399 2933 —
410 2917 478 2939 Paulo
490 2917 584 2940 inferius
594 2920 647 2945 post
657 2917 682 2940 in
694 2918 756 2941 recto
774 2917 841 2940 codd.
854 2918 872 2940 H
884 2917 916 2940 bb
933 2917 1021 2940 addunt

179 2954 207 2978 de
220 2961 330 2985 persona.

1137 2490 1146 2504 5
1162 2490 1215 2512 Loc.
1233 2491 1269 2512 cit.
1287 2496 1305 2512 6.
1325 2491 1346 2512 2:
1363 2490 1523 2518 investiganda
1540 2491 1610 2519 igitur
1622 2492 1675 2513 sunt
1686 2491 1742 2513 haec
1754 2490 1921 2519 inquirentibus

1076 2529 1119 2551 1106
1136 2529 1221 2551 inodo:
1241 2530 1349 2557 quoniam
1367 2531 1457 2557 praeter
1475 2532 1579 2551 naturam
1597 2535 1642 2551 non
1660 2531 1735 2557 potest
1751 2535 1801 2551 esse
1814 2535 1919 2557 persona,

1075 2568 1184 2596 quoniam
1201 2574 1261 2596 quae
1286 2570 1380 2590 naturae
1405 2568 1519 2596 dicuntur,
1542 2568 1598 2590 aliae
1619 2568 1759 2590 substantiae
1777 2570 1844 2595 sunt,
1862 2568 1919 2589 aliae

1075 2606 1218 2632 accidentes:
1241 2609 1264 2629 et
1287 2606 1407 2635 videmus,
1426 2613 1548 2634 personam
1575 2607 1596 2628 in
1614 2606 1771 2629 accidenthus
1788 2612 1832 2628 non
1850 2612 1919 2634 posse

1075 2646 1188 2668 constitui.
1207 2646 1262 2673 Quis
1282 2646 1343 2667 6111111
1369 2646 1444 2673 dicat,
1469 2646 1539 2668 ullam
1557 2645 1668 2668 albediiiis
1685 2646 1721 2668 vel
1740 2643 1865 2673 nigredinis
1882 2646 1918 2667 vel

1076 2684 1240 2712 magnitudinis
1257 2690 1307 2706 esse
1325 2686 1467 2712 personam?
1485 2684 1628 2713 Relinquitur
1639 2690 1708 2712 crgo,
1721 2687 1746 2706 ut
1757 2690 1879 2711 personam
1896 2684 1918 2705 in

1075 2722 1207 2745 substantiis
1234 2722 1278 2744 dici
1304 2723 1431 2745 conveniat.
1456 2735 1488 2739 —
1512 2723 1644 2745 immediate
1669 2726 1720 2745 ante
1746 2722 1795 2744 Vnt.
1821 2722 1880 2744 male
1897 2725 1920 2744 et

1076 2765 1167 2789 praeter
1191 2761 1261 2783 fidem
1286 2761 1369 2790 codd,
1388 2764 1483 2790 excepto
1505 2762 1554 2784 solo
1572 2761 1622 2783 cod.
1644 2767 1680 2789 cc,
1702 2760 1858 2790 definitionem
1876 2766 1918 2788 pro

1076 2799 1221 2822 divisionem.

1137 2838 1146 2853 ⁶
1163 2838 1218 2867 Cap.
1230 2839 1251 2861 6.
1264 2846 1285 2861 n.
1302 2840 1307 2861 1
1318 2840 1335 2862 l.
1346 2851 1378 2856 -—
1390 2839 1421 2861 De
1433 2840 1513 2861 maiori
1525 2840 1593 2861 11111115
1605 2839 1734 2867 argumenti
1745 2838 1799 2861 vide
1811 2839 1917 2866 August„

1076 2879 1103 2901 V.
1122 2879 1150 2900 de
1167 2879 1230 2900 Trin.
1252 2884 1270 2901 6.
1289 2879 1309 2901 8.
1328 2885 1349 2901 n.
1368 2880 1389 2901 9.
1406 2879 1452 2901 Per
1468 2878 1517 2901 eius
1532 2878 1716 2906 absolutionem,
1737 2878 1851 2905 intellige:
1864 2878 1916 2905 quia

1076 2918 1144 2940 habet
1161 2924 1211 2940 esse
1229 2917 1367 2946 absolutum,
1385 2925 1429 2940 non
1447 2918 1574 2940 relativum.
1592 2930 1623 2934 —
1640 2918 1708 2940 Paulo
1734 2918 1840 2945 superius
1866 2920 1918 2945 post

1077 2955 1122 2979 tale
1139 2956 1189 2979 cod.
1209 2956 1238 2978 W
1255 2956 1318 2979 addit
1334 2963 1428 2980 nomen.
