2215 3404
735 160 818 188 DIST.
841 161 903 189 XLI.
926 161 998 188 ΛΒΤ,
1020 161 1037 188 Ι.
1060 161 1194 196 QUAEST.
1217 161 1234 189 l.

108 241 190 269 etiam
212 239 313 268 mereri
337 239 468 272 salutem,
490 238 565 274 quod
581 241 622 267 est
636 238 752 275 aequale
773 238 797 266 ei
813 238 887 275 quod
909 241 951 266 est

107 294 168 315 esse
182 285 435 323 praedestinatum:
459 292 525 321 ergo
546 288 597 313 etc.

186 333 238 361 SED
263 339 386 360 CONTRA:
412 332 435 359 1.
457 331 545 359 Omne
567 331 697 359 meritum
720 331 858 359 antecedit
879 330 950 358 illud

0 380 189 409 adamum-cuius
209 382 250 407 est
271 378 416 411 meritum,
439 378 504 414 quia
519 377 642 414 disponit
656 377 691 406 ad
708 377 792 408 illud:
808 377 857 406 sed
873 385 951 414 prae-

108 425 254 454 destinatio
273 427 300 453 et
325 424 485 461 reprobatio
508 424 680 460 praecedunt
710 426 838 452 nostrum
870 431 948 452 esse:

107 480 173 508 ergo
194 480 248 500 non
270 471 374 500 cadunt
395 470 447 499 sub
469 473 564 498 nostro
585 470 685 499 merito
697 471 712 497 ¹.
827 509 837 516 -

185 520 210 547 2.
232 518 317 548 Item.
339 525 421 546 omne
443 518 574 546 meritum
596 517 690 554 aliquo
712 517 795 546 modo
810 521 851 546 est
865 522 950 546 causa

106 566 166 594 eius
187 565 263 602 quod
283 567 421 598 meretur3
443 564 491 592 sed
514 564 730 600 praedestinatio
744 567 771 592 et
791 564 950 600 reprobatio

106 615 171 641 sunt
191 615 317 642 aeterna.
347 611 447 639 merita
480 618 545 639 vero
578 613 642 639 sunt
674 611 849 647 temporalia:
882 618 949 647 ergo

106 659 257 696 temporale
278 661 320 686 est
341 665 425 686 causa
445 657 566 691 aeterni3
589 657 663 694 quod
685 661 726 685 est
749 657 927 693 impossibile.

183 704 208 733 3.
230 705 310 738 Item,
332 703 489 740 specialiter
507 703 542 731 de
553 703 821 740 praedestinatione
837 704 949 732 videtur

103 752 138 781 ad
162 752 254 780 Titum
275 751 357 780 tertio
370 750 391 778 ²:
414 749 480 778 Non
500 759 534 778 ex
556 749 691 786 operibus
713 750 852 783 iustitiae,
875 759 949 788 qaae

101 797 226 836 fecimus
247 806 316 831 nos,
337 797 389 826 sect
407 797 568 825 secandam
588 805 676 824 suam
708 797 946 840 n'tz'serioordiani

102 845 199 873 saluos
219 853 273 872 ‘nos
292 842 370 880 fecit.

180 892 208 919 4,
230 891 309 925 ltem,
332 890 420 927 gratia
448 893 490 918 est
521 890 635 918 effectus
666 889 947 926 praedestinationis3

101 939 150 968 sed
171 938 262 975 prima
287 937 376 974 gratia
406 936 544 965 antecedit
575 943 657 964 omne
688 936 820 964 meritum
850 940 876 965 et
904 940 946 965 est

101 993 185 1014 causa
206 984 296 1013 omnis
319 980 427 1012 meriti:
450 991 518 1020 ergo
539 992 593 1011 non
614 983 687 1012 cadit
709 983 762 1011 sub
784 983 896 1018 merito,
918 986 946 1012 et

99 1039 132 1060 eo
154 1032 213 1068 ipso
234 1031 323 1068 gratia
344 1033 397 1064 est,
427 1030 492 1067 quia
514 1031 573 1059 sine
605 1030 711 1058 ineritis
743 1030 844 1058 datur:
877 1038 944 1067 ergo

99 1086 150 1107 nec
170 1077 392 1115 praedestinatio.

414 1194 628 1215 CONCLUSIO.

100 1297 157 1325 Nec
175 1296 405 1334 praedestinatio
426 1304 476 1323 viee
503 1295 670 1332 reprobatio
698 1297 796 1333 quoad
824 1297 946 1333 proposi—

180 1346 238 1371 tuni
260 1346 405 1371 aeternum
427 1342 538 1370 cadant
562 1341 615 1369 sab
637 1342 754 1375 merito,
775 1342 826 1370 sed
847 1343 944 1380 quoad

179 1393 357 1418 connotatum
381 1388 546 1425 reprobatio
568 1389 649 1417 cadit
667 1389 722 1417 sab
744 1389 846 1417 merito
878 1390 945 1417 sim-

173 1436 300 1473 pliciter,
321 1435 550 1472 praedestinatio
574 1443 639 1463 nero
660 1435 821 1463 ..secundam
843 1436 922 1473 qual.

178 1546 355 1573 Rusrouneo:
379 1544 416 1572 Ad
448 1545 498 1572 boc
530 1544 740 1580 intelligendum
774 1545 943 1579 notaiiduni‚

9 1593 27 1620 ,1¹¹
36 1592 173 1635 paegquod
195 1592 221 1620 in
243 1591 495 1628 praedestinatione
518 1591 571 1619 tria
592 1590 799 1627 intelliguntur:
819 1592 941 1628 primuni

5 1622 89 1682 {ggfffhnss-
97 1641 139 1668 est
156 1638 342 1676 propositam
363 1641 532 1670 aeternant;
548 1638 702 1666 secundum
718 1641 759 1666 est
775 1638 943 1674 temporalis

17 1677 21 1681 ⁴
96 1685 293 1724 gratificatio,-
315 1685 427 1713 tertium
450 1692 517 1713 vero
539 1688 660 1712 aeterna
686 1684 873 1721 gytorificatio.
907 1686 944 1713 Si-

98 1732 201 1761 militer
222 1732 250 1760 in
271 1732 465 1768 reprobatione
487 1731 681 1767 intelliguntur
702 1732 767 1766 tria,
783 1732 886 1760 scilicet
901 1741 945 1760 ae-

99 1782 213 1807 ternum
222 1778 407 1815 propositum
419 1778 443 1811 ³,
459 1781 485 1805 et
501 1777 669 1814 temporali-s
684 1777 850 1812 obduratio,
862 1782 889 1807 et
901 1787 945 1807 ae-

98 1829 182 1854 terna
196 1826 356 1853 damnatio.
366 1825 553 1860 -Quantum
569 1825 604 1852 ad
616 1824 750 1861 primam
766 1828 792 1853 et
806 1825 943 1853 ‘altiorum

7 1873 224 1915 ssggissgfflsimiliter
251 1872 447 1901 iudicandum:
480 1879 543 1899 nam
571 1871 686 1902 ultima.
718 1872 822 1900 scilicet
849 1881 944 1909 poena

54 1911 76 1915 μ
97 1922 123 1948 et
148 1919 247 1957 gyloria
279 1918 442 1955 simpliciter
471 1918 575 1946 cadunt
597 1918 650 1946 sub
673 1918 772 1946 merito
781 1930 788 1952 ς
817 1919 941 1956 primum

97 1974 176 2000 vero,
208 1965 312 1994 scilicet
344 1965 517 2002 propositum
550 1968 709 1999 aeternum.
738 1973 770 1993 eo
796 1965 857 2002 ipso
888 1974 944 2002 quo

96 2015 241 2041 aeternum
257 2015 312 2045 est,
327 2012 459 2039 meritum
483 2011 587 2039 habere
608 2019 661 2039 non
683 2014 781 2047 potest.
802 2012 943 2048 Quantum

96 2067 163 2088 vero
183 2059 219 2087 ad
240 2058 386 2091 mectz'um,
409 2058 483 2094 quod
505 2061 546 2086 est
565 2057 748 2095 gratificatio
770 2062 797 2086 et
818 2058 943 2087 obitura-

97 2105 149 2139 tz'o,
171 2105 332 2134 differenter
354 2104 545 2132 iudicandum.
568 2104 636 2132 Nam
658 2104 814 2132 obduratio
839 2105 943 2142 simpli-

95 2151 164 2180 citer
195 2151 269 2179 cadit
299 2150 352 2179 sub
385 2150 521 2178 demerito
553 2151 611 2178 sive
643 2151 696 2179 sub
722 2151 796 2179 malo
824 2151 942 2185 merito,

93 2197 275 2235 gratificatio
297 2205 364 2225 vero
384 2204 434 2225 nec
450 2197 613 2233 simpliciter
629 2197 681 2226 sub
697 2198 796 2226 merito
811 2206 861 2226 nec
880 2198 943 2226 sim-

0 2249 35 2286 *ffig
45 2250 83 2264 ωε·
96 2244 205 2282 pliciter
220 2248 310 2273 extra.
322 2260 362 2263 ψ
373 2244 418 2272 Est
432 2244 506 2272 enim
522 2244 655 2272 meritum
670 2244 804 2281 congrui,
818 2245 901 2282 dimit
914 2248 942 2273 et

39 2282 42 2287 ¹
95 2290 240 2327 condigni.
272 2290 401 2319 Meritum
433 2290 559 2327 compi-‘az'
579 2294 636 2321 est,
668 2291 780 2327 quando
812 2294 941 2327 peccator

1796 166 1851 193 729

1006 238 1071 266 facit
1085 238 1159 275 quod
1176 238 1247 267 inse
1262 242 1303 267 est
1317 243 1345 268 et
1356 248 1412 277 pro
1426 249 1463 268 se.
1479 241 1608 269 Meritum
1632 242 1724 279 digni,
1740 243 1852 279 quando

1007 283 1098 312 iustus
1126 284 1190 312 facit
1220 293 1275 322 pro
1305 285 1374 315 alio.
1407 287 1534 315 Meritum
1563 288 1711 325 condiyiii,
1739 289 1851 325 quando

1008 330 1099 359 iustus
1121 335 1255 368 operatur
1273 341 1330 368 pro
1351 341 1381 361 se
1403 333 1479 370 ipso,
1501 334 1568 370 quia
1588 335 1624 363 ad
1639 335 1690 364 hoc
1705 336 1852 364 ordinatur

1007 378 1097 414 gratia
1117 385 1154 406 ex
1176 379 1327 414 condigno:
1349 379 1385 408 ad
1416 380 1534 416 gratiam
1566 384 1659 409 autem
1680 382 1759 411 alteri
1792 391 1853 419 pro-

1008 424 1169 452 merendam
1192 433 1246 453 non
1268 426 1381 454 omnino
1396 435 1430 454 ex
1445 427 1588 464 condigno
1601 428 1621 461 ⁴,
1643 429 1706 465 quia
1723 434 1851 466 peccator

1007 471 1082 498 omni
1105 471 1177 499 bono
1197 474 1239 500 est
1270 472 1417 509 indignus,
1439 481 1489 502 nec
1521 474 1611 502 solum
1634 483 1668 503 ex
1699 484 1849 513 congruo,

1008 517 1073 553 quia
1089 517 1179 546 iustus
1194 518 1296 554 dignus
1311 521 1352 547 est
1366 520 1505 548 exaudiri.
1521 537 1559 540 —
1577 520 1763 558 Gratificatio
1785 531 1851 559 ergo
1865 528 1980 570 Gratis-agio

1007 563 1060 591 sub
1081 563 1181 592 merito
1203 564 1329 601 congrui
1348 568 1438 602 potest
1452 566 1552 595 cadere
1567 568 1658 603 quoad
1682 568 1773 605 ipsum
1794 578 1853 605 gra·
1877 557 1969 608 Ἥῗῖῗῗὲπῑο

1008 610 1183 643 tificandum.
1206 611 1258 639 sub
1291 612 1390 640 merito
1422 613 1506 649 dibni
1535 617 1671 650 quantum
1700 615 1735 644 ad
1764 616 1850 644 alium
1888 600 1954 621 ΝΜ

1007 656 1099 684 virum
1122 661 1265 691 sanctum,
1287 658 1340 686 sub
1362 659 1461 687 merito
1487 660 1625 697 condigni
1653 666 1787 698 quantum
1815 663 1850 691 ad

1006 706 1151 738 neutrum,
1173 707 1199 732 et
1221 705 1273 733 hoc
1293 706 1406 742 proprie
1428 706 1567 743 loquendo
1588 711 1629 736 est
1651 709 1790 737 meritum.

1086 750 1318 787 Respondendum
1334 759 1400 788 ergo
1415 752 1450 780 ad
1465 754 1669 789 quaestionem.
1684 763 1747 783 cum
1770 764 1851 792 quae-

1005 796 1087 831 ritur,
1109 800 1205 825 utrum
1228 798 1445 834 praedestinatio
1466 803 1493 827 et
1508 801 1667 836 reprobatio
1682 802 1781 830 cadant
1797 803 1850 831 sub

1006 843 1119 876 merito,
1151 843 1249 880 quod⁶
1282 844 1445 881 simpliciter
1478 845 1625 882 loquendo.
1647 851 1781 884 quantuni
1814 849 1849 877 ad

1004 889 1158 926 principale
1171 890 1366 927 significatum,
1378 895 1478 920 neutra
1493 893 1565 921 cadit
1577 894 1630 921 sub
1642 895 1752 922 merito:
1766 904 1850 931 quan·
1874 899 1979 941 essoucffiwio

1004 938 1063 964 tum
1096 944 1164 965 vero
1195 937 1230 965 ad
1262 941 1462 973 connotatum,
1492 940 1653 977 reprobatio
1686 942 1759 970 cadit.
1795 928 1960 971 subgum's‘

1004 983 1103 1011 merito
1129 984 1306 1020 simpliciter.
1332 986 1563 1021 praedestinatio
1596 995 1662 1016 vero
1694 989 1847 1018 secundum

1002 1030 1078 1066 quid.

1081 1077 1279 1106 Concedendae
1316 1079 1400 1115 igitur
1432 1084 1497 1108 sunt
1533 1081 1653 1110 rationes
1685 1083 1849 1119 probantes,

1002 1124 1077 1160 quod
1100 1124 1315 1159 praedestinatio
1338 1134 1390 1154 non
1415 1127 1488 1155 radit
1510 1128 1564 1156 snb
1586 1129 1697 1163 meritog
1713 1130 1849 1162 similiter,

1003 1170 1078 1206 quod
1100 1178 1150 1199 nec
1171 1172 1338 1208 reprobatio,

1087 1218 1107 1244 l.
1131 1217 1168 1245 Ad
1184 1218 1254 1246 illud
1270 1226 1336 1255 ergo
1352 1220 1425 1256 quod
1444 1221 1533 1256 primo
1547 1221 1677 1250 obiicitur
1693 1223 1727 1251 de
1742 1224 1846 1259 Glossa,
1861 1225 1977 1272 {ffiffiffl'

1003 1263 1077 1299 quod
1102 1263 1171 1292 Esau
1194 1272 1243 1300 per
1266 1265 1398 1294 iustitiam
1422 1270 1463 1295 est
1484 1268 1670 1304 reprobatusg
1685 1269 1848 1303 dicendum,
1972 1264 1975 1268 ’

1002 1310 1077 1346 quod
1100 1310 1136 1338 ibi
1159 1311 1294 1348 accipitur
1316 1313 1476 1349 reprobatio
1498 1322 1549 1350 pro
1570 1316 1748 1344 connotatofl.
1772 1317 1846 1353 quod

1003 1359 1045 1385 est
1066 1356 1223 1385 obduratio.

1082 1404 1107 1431 2.
1130 1404 1168 1432 Ad
1190 1404 1258 1433 illud
1282 1406 1356 1441 quod
1378 1406 1517 1440 obiicitur,
1539 1408 1613 1444 quod
1635 1408 1730 1437 odium
1763 1414 1849 1438 aeter-

1003 1458 1069 1477 num
1093 1450 1166 1479 cadit
1187 1451 1240 1479 sul)
1262 1451 1380 1485 meritog
1403 1452 1568 1484 dicendum.
1590 1455 1664 1491 qnod
1687 1455 1788 1483 odiam
1803 1465 1848 1484 ae-

1003 1499 1118 1524 ternum
1140 1497 1196 1525 duo
1218 1498 1301 1526 dicit:
1335 1501 1361 1527 et
1389 1499 1556 1536 principale
1588 1500 1789 1538 ‚siynificatam
1821 1506 1849 1531 et

1002 1547 1206 1577 connotatztni,
1228 1545 1294 1581 qnia
1316 1547 1455 1574 neminem
1477 1547 1535 1575 odit
1557 1548 1631 1576 Deus
1653 1552 1789 1584 quantuni
1809 1550 1845 1578 ad
1860 1552 1972 1571 Notandum*

1002 1589 1156 1627 affectum,
1180 1591 1227 1619 sed
1250 1592 1341 1619 solum
1363 1596 1500 1629 (plantum
1522 1594 1556 1622 ad
1579 1593 1717 1631 esl'ectan'z.
1742 1596 1771 1623 Et
1793 1596 1847 1632 pri—

1001 1645 1078 1665 mum
1102 1646 1155 1666 non
1172 1642 1212 1667 est
1227 1646 1263 1667 ex
1279 1640 1401 1673 meritis,
1417 1641 1466 1669 sed
1482 1641 1637 1669 secundum
1646 1653 1653 1675 3
1669 1643 1743 1678 quod
1760 1646 1847 1679 patet,

1001 1685 1022 1713 si
1045 1685 1212 1718 resolvatur,
1234 1686 1299 1722 quia
1321 1686 1417 1715 odium
1432 1691 1474 1716 est
1486 1688 1672 1725 propositum
1684 1690 1847 1725 puniendi,-

997 1732 1182 1768 proposition
1202 1736 1295 1761 auten]
1318 1734 1414 1762 nullus
1436 1738 1568 1769 meretur,
1591 1736 1639 1764 sed
1658 1744 1792 1772 poenam.

1080 1778 1105 1807 3.
1128 1779 1165 1807 Ad
1188 1779 1258 1807 illud
1280 1780 1355 1816 quod
1377 1780 1515 1815 obiicitur,
1537 1782 1611 1818 qnod
1638 1784 1776 1811 neminem
1806 1792 1847 1812 re-

1000 1825 1098 1862 probat
1120 1826 1171 1854 nisi
1186 1826 1194 1838 ⁷
1217 1826 1359 1855 voluntate
1374 1831 1578 1864 consequente3
1595 1829 1754 1861 dicendum.
1770 1831 1844 1866 qnod

1001 1872 1130 1900 voluntas
1151 1880 1323 1909 consequens
1343 1882 1398 1901 non
1420 1874 1531 1909 dicitur,
1561 1876 1626 1912 quia
1657 1880 1844 1912 consequatur

1000 1918 1099 1946 merita
1120 1922 1215 1947 nostra
1236 1919 1343 1948 ratione
1363 1920 1542 1954 voluntatis,
1566 1922 1613 1950 sed
1630 1922 1720 1950 solum
1737 1924 1842 1952 ratione
1856 1925 1971 1945 Nflfflndssm·

1002 1965 1208 2002 volat—vult
1229 1966 1303 1994 enim
1328 1966 1434 2003 aliquid
1457 1967 1546 2002 Deus,
1569 1969 1641 2005 qnod
1672 1977 1721 1997 nos
1744 1971 1845 1999 inerui-

1000 2020 1063 2040 mus
1074 2029 1112 2032 ——
1123 2016 1149 2041 et
1160 2013 1222 2041 ideo
1234 2013 1299 2049 quia
1310 2013 1430 2041 votitzmi
1446 2017 1488 2042 est
1502 2018 1690 2050 connotatum,
1704 2020 1778 2053 patet
1793 2021 1842 2046 etc.

1078 2059 1103 2087 ίι.
1126 2059 1165 2088 Ad
1187 2059 1256 2088 illud
1279 2060 1353 2096 quod
1375 2060 1505 2089 obiicitur
1527 2061 1562 2090 de
1577 2062 1843 2098 praedestinatione.

998 2106 1073 2142 quod
1105 2106 1219 2134 iuvatur
1250 2107 1425 2135 orationibus
1456 2107 1640 2143 Sanctorum3
1673 2110 1843 2142 dicendum.
1871 2102 1873 2105 ”

999 2152 1073 2189 quod
1096 2152 1165 2181 illud
1181 2153 1346 2189 intelligitur
1370 2155 1477 2182 ratione
1509 2156 1672 2190 conviciati,
1695 2157 1769 2193 quod
1802 2161 1844 2186 est

999 2199 1096 2236 gratia,
1118 2208 1201 2236 quam
1224 2200 1311 2228 sancti
1334 2200 1385 2229 viri
1408 2205 1525 2238 possunt
1546 2202 1608 2231 aliis
1633 2203 1692 2232 suis
1714 2205 1843 2233 orationi-

997 2245 1050 2274 bus
1073 2246 1238 2282 impetrare;
1270 2255 1320 2275 nec
1352 2251 1445 2276 tamen
1477 2249 1623 2285 sequitur,
1653 2250 1730 2286 quod
1759 2250 1843 2278 homo

997 2291 1084 2327 possit
1106 2291 1256 2328 impetrare
1279 2292 1344 2327 sibi,
1367 2294 1430 2330 quia
1453 2294 1487 2322 ad
1511 2294 1562 2323 hoc
1590 2296 1664 2332 quod
1696 2296 1843 2333 impetret,

158 2497 163 2511 ¹
183 2498 215 2519 Dc
231 2498 275 2519 hor
292 2499 314 2520 ot
330 2497 359 2519 de
372 2503 436 2526 seqq,
449 2498 591 2525 argumentis
603 2499 642 2520 cl'r.
655 2499 759 2527 August.y
773 2499 786 2520 l.
799 2499 827 2521 dc
839 2499 939 2521 Diversis

95 2537 137 2565 Qq.
155 2536 185 2558 ad
202 2536 341 2564 Simplician.
360 2542 381 2564 q.
400 2537 425 2564 ⁴2,
437 2539 459 2558 et
470 2536 499 2558 de
511 2536 576 2558 Dono
588 2543 705 2564 persever.
718 2536 762 2559 Csr.
775 2538 843 2559 etiam
856 2538 891 2559 liic
908 2538 937 2559 lit.

93 2575 205 2603 Magistri,
224 2581 242 2597 c.
261 2576 281 2597 2.
299 2587 330 2591 —
347 2576 369 2597 ln
387 2576 544 2603 propositione
561 2576 643 2598 minori
661 2576 711 2598 cod.
730 2576 748 2598 Ο
765 2579 818 2604 post
835 2576 905 2598 verba
918 2577 939 2599 et

94 2613 227 2644 reprobatio
245 2615 392 2642 prosequitur
413 2614 460 2635 sio:
484 2613 625 2637 antecedunt
649 2620 717 2637 omne
739 2614 862 2642 meritum,
882 2614 939 2644 qaia

90 2652 239 2682 praecedunt
254 2653 363 2675 nostrum
383 2658 450 2680 essem
467 2653 518 2674 cod.
537 2653 554 2674 T
574 2653 604 2679 (in
622 2654 706 2682 marg.)
724 2655 771 2676 sic:
794 2653 941 2683 praecedant

93 2696 162 2713 omne
177 2690 289 2713 meritum
306 2692 417 2714 nostrum
433 2692 455 2713 et
471 2690 540 2713 etiam
559 2692 667 2714 nostrum
684 2698 739 2715 esse.

155 2729 165 2743 ‘²
182 2730 246 2752 Vers.
265 2729 287 2751 5.

156 2767 166 2782 3
184 2768 225 2789 Pro
242 2767 390 2797 propositum
409 2768 458 2790 Vnt.
477 2774 530 2790 cum
547 2768 598 2790 cod.
616 2775 641 2791 cc
658 2768 751 2798 odiam,
773 2769 830 2791 sorte
847 2770 900 2798 quia
918 2773 940 2792 et

93 2807 115 2828 in
133 2812 182 2834 arg.
195 2807 216 2828 2.
229 2806 259 2829 ad
276 2807 375 2834 opposit.
393 2807 425 2829 sic
442 2807 537 2835 leg-itum
556 2807 597 2829 sed
613 2814 666 2829 cum
684 2809 706 2829 in
718 2808 826 2830 subnexis
838 2811 859 2830 ot
871 2809 939 2830 ctiam

92 2846 115 2867 in
126 2851 231 2873 respons.
243 2845 279 2868 ad.
292 2847 312 2867 2.
325 2846 465 2873 exhibeatur,
478 2846 598 2868 lectionem
610 2847 676 2869 codd.
689 2848 710 2869 in
728 2849 814 2870 textum
831 2848 939 2875 recipien-

92 2883 146 2906 dam
170 2884 284 2906 duximus.
310 2885 413 2907 Subinde
436 2891 480 2912 pro
505 2885 642 2914 temporalis
661 2885 785 2909 obduratio
808 2887 940 2914 complures

93 2922 160 2945 codd.
179 2923 315 2952 temporalis
332 2923 463 2952 ordinatio,
483 2925 519 2946 cui
537 2924 626 2946 lectioni
643 2924 745 2947 subnexa
762 2928 898 2953 repugnant.

233 2969 258 2992 S.
277 2970 364 2993 Bonav.
381 2982 413 2986 —
430 2970 495 2992 Tom.
514 2971 527 2992 l.

1058 2498 1066 2513 ⁴¹
1084 2499 1147 2522 Hanc
1164 2500 1289 2522 secundam
1312 2502 1475 2529 propositionis
1498 2506 1602 2530 partem:
1623 2503 1654 2526 ud
1674 2503 1779 2533 qratiam
1801 2511 1841 2527 aa·

996 2538 1041 2559 tem
1057 2540 1099 2559 etc.
1120 2538 1180 2565 Vat.⁷
1199 2541 1283 2561 mutata
1301 2540 1496 2568 interpunctione,
1515 2542 1536 2562 in
1555 2548 1639 2563 novam
1661 2543 1841 2570 propositionem

995 2577 1146 2604 principalem
1164 2578 1196 2599 sic
1213 2578 1397 2600 transformavit:
1416 2579 1499 2602 Gratia
1512 2581 1591 2602 atttem
1603 2580 1674 2603 alteri
1682 2581 1839 2610 promerenda

996 2620 1043 2637 non.
1060 2616 1094 2637 est
1110 2615 1206 2638 omnino
1224 2618 1265 2638 etc.

1058 2654 1068 2668 ⁵
1084 2655 1176 2676 Plurimi
1194 2655 1260 2677 codd.
1278 2661 1331 2677 cum
1349 2656 1385 2678 ed.
1408 2657 1412 2678 l
1435 2658 1510 2679 minus
1527 2664 1628 2686 congrue
1646 2658 1708 2687 quia.

1057 2693 1067 2707 ⁶
1084 2693 1155 2715 Codd.
1174 2694 1189 2715 L
1200 2693 1218 2715 Ο
1235 2694 1318 2723 effecta
1334 2694 1381 2717 sive
1398 2697 1529 2719 conuocato.

1057 2732 1066 2746 ⁷
1085 2733 1134 2754 Vat.
1152 2736 1174 2754 et
1190 2733 1241 2755 cod.
1259 2739 1284 2755 cc
1302 2735 1483 2761 praetermittunt
1499 2735 1561 2763 nisi,·
1580 2737 1697 2759 mendose.
1709 2749 1740 2753 —
1752 2738 1783 2759 Dc
1801 2744 1838 2759 vo-

996 2772 1080 2793 luntate
1098 2774 1261 2800 consequente.
1280 2778 1339 2801 quae
1359 2779 1451 2801 semper
1473 2777 1580 2797 connotat
1602 2775 1695 2798 effectus
1717 2778 1837 2805 eventum,

996 2810 1036 2832 cfr.
1054 2810 1110 2831 infra
1128 2810 1150 2832 d.
1169 2810 1205 2832 46.
1224 2817 1245 2839 q⁴
1268 2812 1284 2833 l.
1303 2812 1324 2833 in
1343 2818 1406 2841 corp.
1424 2824 1455 2828 —
1472 2813 1494 2834 ln
1512 2813 1556 2835 tine
1579 2820 1681 2841 respons.
1704 2818 1755 2842 post
1773 2816 1840 2844 putet

996 2849 1063 2871 codd.
1082 2848 1097 2870 L
1108 2848 1125 2870 O
1142 2849 1244 2871 addunt:
1262 2849 1326 2879 quod
1349 2850 1460 2874 melitum
1481 2857 1529 2874 mm
1546 2853 1579 2874 est
1603 2854 1709 2881 respecta
1735 2853 1838 2876 volanta-

996 2887 1033 2915 tz's,
1052 2887 1093 2910 sed
1109 2889 1216 2917 respectu
1231 2888 1304 2911 voliti.

1664 2979 1692 2999 92
