2215 3404
8 1425 143 1444 Fundamenta.

19 2181 49 2200 Ad
62 2181 136 2205 oppost-

708 211 791 240 DIST.
814 212 901 240 XXVI.
923 212 995 240 ART.
1018 212 1134 242 UNICUS
1155 213 1289 250 QUAEST.
1312 214 1342 243 ΙΙ.

158 291 333 319 «Relinquitur,
351 290 415 319 quod
432 292 485 313 sunt
501 290 592 313 diversa
610 291 708 317 ratione,
727 296 771 312 non
790 293 876 313 tantum
894 296 922 312 ex
933 292 998 318 parte

153 330 226 358 ipsius
243 330 407 356 ratiocinantis,
425 329 466 351 sed
483 335 510 351 ex
527 329 667 357 proprietate
685 330 758 357 ipsius
776 330 808 351 rei
819 337 839 351 n.

216 368 297 390 Scotus
315 367 338 396 (l.
357 369 416 390 sent.
443 368 465 390 sl.
485 368 505 389 2.
524 374 545 396 q.
571 368 592 390 7.
611 374 632 390 n.
651 367 692 395 41,
716 370 737 389 et
755 368 837 396 Quodl.
856 367 877 390 5.
898 368 911 396 S
929 367 998 391 Circa

155 408 245 435 tamen)
264 408 300 429 liic
318 408 388 430 utitur
405 414 445 429 sua
465 407 608 429 distinctione
624 406 730 436 formali,
752 413 822 436 quam
835 408 891 435 ipse,
908 410 933 430 ut
949 408 999 429 vult.

153 446 249 468 Brulifer
267 445 306 475 (ad
324 447 385 468 hunc
402 447 496 475 locum),
509 446 618 469 formavit
629 452 656 468 ex
669 446 810 468 distinctione
822 445 995 475 attributionis,

129 473 131 480 .
153 486 245 514 qualem
262 486 283 508 S.
302 486 387 507 Bonnv.
405 486 441 507 hic
458 488 480 507 et
496 491 565 513 supra
584 485 605 507 d.
624 485 645 507 8.
658 485 716 513 p.11.
735 492 756 514 q.
780 486 796 507 l.
810 485 839 507 ad
852 485 872 513 4,
891 487 913 507 et
926 485 947 507 d.
961 485 997 508 ⁷¹3.

153 531 174 553 q.
193 524 213 546 3.
227 524 311 547 docuit.
328 524 426 546 Barthol.
440 524 469 546 de
481 523 595 546 Barberiis
608 523 704 552 (Cursus
717 524 815 552 theolog.
829 527 843 546 t.
862 524 875 546 I.
889 524 947 552 disp.
965 525 996 546 13.

153 570 206 592 pag.
233 564 286 592 210)
312 567 373 586 recte
401 563 469 591 dicit,
493 569 617 591 perperam
640 565 662 585 et
686 565 764 585 contra
785 564 908 591 perspicua
925 563 996 585 verba

153 603 270 630 Seraphici
288 603 418 630 complures
435 603 570 630 interpretes
582 602 603 624 S.
616 602 790 624 Bonaventurae
807 601 924 624 reduxisse
936 602 997 624 illam

153 640 320 663 distinctionem
338 639 498 663 attributionis
521 640 551 662 ad
566 646 656 669 param
677 640 845 662 distinctionem
863 640 996 663 virtualem.

153 680 215 702 Idem
232 679 330 702 Bai-thol.
348 679 377 701 de
394 679 526 702 discrimine
543 680 601 702 inter
613 680 672 702 Scoti
684 679 854 702 distinctionem
870 679 996 709 formalem

152 725 178 741 ex
196 722 276 741 natura
298 719 331 741 rei
349 721 371 741 et
395 719 418 741 S.
444 718 618 741 Bonaventurae
644 719 812 741 distinctionem
837 718 997 742 attributionis

152 758 209 780 haec
220 757 339 780 observat:
355 766 365 778 α
375 758 455 780 scotus
468 758 522 786 vult,
535 758 608 786 ipsam
621 764 672 780 esse
683 756 818 780 absolutam
829 758 996 787 formalitatem,

151 802 192 818 seu
206 796 373 818 distinctionem
390 797 448 818 inter
460 796 619 825 formalitates;
632 796 654 818 S.
667 796 752 818 Bonav.
770 802 833 824 vero,
846 803 897 819 esse
909 800 996 820 tantum

152 834 281 857 secundum
298 835 510 864 commorationem,
531 842 571 857 seu
588 835 718 858 secundum
731 834 828 857 modum
841 836 959 859 diversum
972 843 996 859 se

152 873 264 903 habendi,
282 880 309 897 eo
328 874 390 903 quod
408 874 486 897 relatio
504 874 526 896 in
544 874 628 897 dIVinis
640 874 769 897 secundum
781 875 893 898 rationem
910 875 935 898 in
948 876 997 905 (sci-

151 913 202 935 lieet
218 915 331 942 quatenus
356 915 390 935 est
406 914 428 935 in
454 913 546 941 natura)
572 913 725 936 identificatur
742 914 866 937 formaliter
883 921 936 937 cum
954 921 995 943 ea,

1842 220 1898 248 455

1054 291 1095 313 sed
1113 292 1193 314 retinet
1217 293 1349 321 respectum
1374 292 1406 315 acl
1430 293 1554 322 obiectum,
1582 296 1661 324 sicque
1679 296 1753 319 differt
1769 303 1810 325 per
1832 298 1897 319 istam

1056 331 1250 357 comparationem
1263 340 1283 353 n.

1119 369 1150 391 lll.
1168 370 1190 391 ln
1208 370 1274 392 solut.
1292 370 1322 392 ad
1339 371 1360 392 6.
1379 371 1458 399 triplex
1481 372 1628 400 distinguitur
1653 373 1736 396 modus
1753 375 1897 397 immediatae

1055 408 1176 436 relationis,
1194 409 1279 431 scilicet
1295 409 1373 431 relatio
1389 416 1433 439 per
1448 410 1581 439 essentiale,
1601 411 1678 434 relatio
1691 412 1895 442 correlatiroram,

1055 447 1133 469 relatio
1152 446 1284 476 relationis,
1313 448 1341 470 de
1364 454 1410 477 quo
1433 450 1530 471 conferri
1552 452 1627 478 potest
1645 451 1666 473 ll.
1684 451 1744 473 Sent.
1763 452 1785 473 d.
1807 452 1823 474 1.
1842 459 1864 480 p.
1884 453 1897 474 l.

1055 492 1075 508 a.
1093 486 1114 508 3.
1132 493 1154 514 q.
1172 487 1192 508 2.
1211 487 1313 509 Notanda
1330 490 1364 510 est
1379 488 1446 509 etium
1460 488 1585 511 differentia
1598 490 1656 512 inter
1672 489 1819 518 relationem,
1839 497 1897 519 quae

1055 528 1089 548 est
1105 525 1167 548 ratio
1190 526 1317 553 referendi⁷
1342 525 1486 555 relativum,
1514 527 1577 556 quod
1602 528 1727 550 formaliter
1743 529 1856 557 refertur,
1874 532 1899 552 ut

1055 566 1119 591 pater
1144 563 1174 586 ad
1199 564 1282 592 silium,
1309 567 1331 587 et
1355 564 1472 593 relatam,
1492 566 1556 594 quod
1581 569 1616 589 est
1633 567 1808 590 fundamentum
1827 568 1898 596 ipsius

1055 602 1180 630 relationis,
1199 606 1222 625 ut
1240 602 1309 626 homo
1327 604 1348 625 in
1367 606 1431 631 patre
1448 606 1470 626 et
1487 604 1540 626 filio.

1118 641 1154 663 IV.
1172 641 1233 663 Alex.
1251 642 1307 670 Hal,
1326 642 1347 664 S.
1366 649 1388 670 p.
1407 643 1420 665 l.
1440 650 1461 671 q.
1480 644 1517 665 68.
1535 650 1566 666 m.
1586 644 1606 666 t.
1623 656 1655 660 —
1671 645 1743 673 Scot,
1760 645 1783 667 in
1800 648 1898 674 utroque

1054 680 1144 708 Scripto
1162 681 1198 703 hic
1215 687 1237 709 q.
1260 681 1277 702 l.
1294 693 1326 697 —
1343 682 1364 703 S.
1383 682 1465 704 Thom.
1478 701 1483 711 ,
1509 683 1522 704 l.
1542 683 1602 706 Sent.
1621 683 1643 706 d.
1663 684 1699 706 33.
1717 690 1739 713 q.
1761 684 1778 706 l.
1796 691 1815 706 a.
1835 685 1859 713 2,
1877 688 1899 707 et

1053 720 1090 742 hic
1107 725 1129 748 q.
1147 720 1168 741 2.
1186 726 1206 742 a.
1229 720 1245 742 l.
1263 720 1291 748 33
1310 720 1331 742 S.
1350 721 1364 742 I.
1384 727 1405 749 q.
1424 722 1460 743 28.
1479 728 1498 743 a.
1521 722 1537 750 l,
1551 728 1573 750 q.
1587 721 1622 744 40.
1641 729 1661 744 a.
1683 723 1699 745 l.
1716 735 1748 739 —
1765 724 1788 745 B.
1801 723 1897 751 Albert.,

1054 758 1091 780 hic
1108 764 1127 780 a.
1146 758 1167 786 9,
1185 758 1207 780 S.
1225 764 1247 786 p.
1267 758 1280 780 I.
1299 761 1325 780 tr.
1344 759 1364 781 9.
1383 766 1405 788 q.
1424 760 1460 782 39.
1479 766 1509 782 m.
1527 760 1659 783 2.—Petr.
1677 768 1688 783 a
1707 762 1767 790 Tar„
1786 763 1821 785 hic
1838 769 1860 791 q.
1877 763 1898 785 ⁴2.

1054 803 1074 819 a.
1099 798 1119 819 1l.
1131 809 1163 813 —
1175 797 1281 819 Richard.
1301 803 1314 820 a
1331 797 1400 826 Med„
1419 799 1455 821 hic
1476 805 1496 821 a.
1515 799 1535 821 3.
1554 806 1576 828 q.
1598 800 1615 822 1.
1632 812 1664 816 -
1680 801 1754 829 AEgid.
1772 801 1805 830 lt„
1824 802 1860 824 hic
1877 802 1897 823 2.

1054 837 1126 864 princ.
1139 842 1162 865 q.
1176 836 1196 858 i,
1209 836 1230 858 2.
1241 848 1273 852 —
1284 836 1352 859 Henr.
1365 837 1444 866 Gand.,
1463 838 1484 860 S.
1503 844 1523 860 a.
1542 838 1578 861 55.
1596 846 1618 868 q.
1637 839 1657 861 l.
1668 852 1699 856 -
1710 840 1802 868 Dionys.
1815 840 1897 868 Carth.⁷

1055 875 1083 897 de
1100 876 1142 897 hac
1159 878 1182 898 et
1198 881 1246 904 seq.
1265 881 1286 904 q.
1305 876 1341 898 hic
1358 882 1380 905 q.
1399 877 1424 905 1l,
1443 879 1465 899 et
1481 877 1503 899 d.
1521 877 1557 900 27.
1575 884 1597 907 q.
1616 879 1636 900 q,

918 1041 1080 1077 QUAESTIO
1105 1041 1133 1069 II.

637 1150 714 1185 Quia
733 1150 794 1178 sint
814 1151 844 1179 iu
866 1151 975 1180 diuinis
992 1152 1187 1189 proprietates
1207 1161 1412 1189 personarum.

228 1281 354 1310 Secundo
375 1281 521 1318 quaeritur
543 1281 577 1310 de
592 1282 825 1319 proprietatibus,
847 1283 919 1321 quid
932 1284 994 1312 sint.

150 1328 180 1356 Et
201 1328 275 1365 quod
297 1328 351 1357 sint
372 1328 531 1363 relationes,
553 1328 678 1357 videtur:

230 1375 254 1402 t.
276 1374 346 1411 Quia
367 1374 433 1403 dicit
448 1374 566 1403 Hilarius
588 1375 754 1404 duodecimo
769 1376 804 1404 de
825 1376 958 1405 Trinitate
971 1377 993 1405 ¹:

154 1432 167 1447 «
181 1421 327 1458 Proprium
349 1424 391 1450 est
405 1421 461 1450 Deo
476 1424 540 1450 nato
554 1430 614 1451 esse
629 1422 718 1450 filium
731 1433 743 1448 υ
757 1434 764 1457 3
779 1423 827 1451 sed
844 1423 940 1452 filiatio
954 1427 995 1453 est

149 1468 260 1496 relati0:
283 1476 348 1505 ergo
370 1470 421 1496 etc.

226 1516 252 1543 Ξ).
271 1515 352 1549 Item,
367 1514 556 1544 Damascenus
569 1515 590 1543 ²:
612 1516 761 1545 «Dicimus
776 1517 899 1546 divinam
911 1518 994 1546 Verbi

147 1562 332 1599 hypostasim,
347 1562 498 1591 nativitatis
513 1563 596 1591 modo
608 1566 635 1592 et
649 1563 813 1593 habitudine
827 1573 843 1593 a
858 1565 993 1602 paternali

147 1609 288 1647 hypostasi
314 1609 488 1638 differentem
502 1620 537 1644 »ς
560 1610 608 1639 sed
630 1610 731 1639 modus
752 1611 925 1641 habitudinis
953 1615 995 1641 est

147 1656 259 1685 relatio:
280 1663 347 1693 ergo
368 1658 419 1684 etc.

226 1703 251 1732 3.
273 1703 356 1737 Item,
380 1703 534 1732 Richardus
556 1703 590 1732 de
612 1707 706 1733 sancto
728 1704 837 1734 Victore
866 1705 893 1733 in
922 1705 993 1734 libro

147 1750 181 1779 de
196 1750 216 1778 T
218 1750 329 1778 rinitate
339 1749 349 1764 ³
369 1749 447 1784 dicit,
466 1750 541 1787 quod
556 1758 691 1788 personae
706 1751 917 1788 distinguuntur
932 1761 994 1790 pro-

146 1797 263 1834 prietate
277 1796 404 1833 originis3
423 1797 472 1826 sed
487 1797 565 1834 origo
586 1798 614 1826 in
636 1798 737 1828 diviniS
757 1807 812 1827 non
827 1802 869 1828 est
884 1803 992 1836 motus,

147 1844 193 1873 sed
217 1844 364 1878 habitudo,
386 1852 452 1881 ergo
475 1844 584 1873 relatio:
607 1852 673 1882 ergo
695 1849 745 1875 etc.

225 1891 251 1920 lt.
273 1891 353 1926 Item,
376 1891 428 1920 hoc
450 1892 542 1929 ipsum
564 1892 675 1921 videtur
695 1893 824 1927 ratione,
845 1894 911 1930 quia
931 1903 992 1931 pro-

147 1938 241 1975 prium
269 1941 311 1967 est
337 1939 411 1975 quod
443 1939 570 1967 convenit
590 1939 680 1971 soli⁴;
713 1940 762 1969 sed
787 1940 856 1968 nihil
884 1941 992 1969 ahsolu-

146 1987 207 2013 tum
235 1988 276 2014 θεῖ
297 1984 557 2014 incommunicabile
585 1985 614 2014 in
639 1986 741 2015 divinis
769 1989 796 2015 et
824 1987 991 2017 conveniens

148 2031 212 2060 soli:
236 2040 302 2069 ergo
322 2032 412 2061 omnis
433 2032 589 2069 proprietas
616 2033 770 2070 personalis
797 2037 839 2062 est
860 2034 991 2069 relativa,

147 2087 213 2116 ergo
235 2082 285 2108 etc.

226 2125 353 2154 Corum:
378 2126 402 2153 t.
424 2125 499 2154 Sicut
514 2126 665 2163 paternitas
684 2129 725 2156 est
745 2127 863 2162 relatio,
886 2128 922 2156 ita
937 2136 993 2157 ma-

148 2171 263 2209 gnitudo
284 2171 452 2209 quantitas,
474 2174 501 2200 et
522 2172 559 2200 ita
580 2172 687 2201 bonitas
709 2173 853 2211 quctlitcts;
874 2174 922 2203 sed
938 2182 993 2203 ma-

149 2218 264 2256 gnitudo
279 2218 327 2247 Dei
348 2226 402 2247 non
417 2221 459 2247 est
474 2219 626 2256 quantitas,
647 2227 697 2248 nec
713 2220 821 2249 bonitas
836 2221 955 2258 qualitas
966 2222 989 2249 5;

148 2273 214 2302 ergo
242 2273 292 2294 nec
313 2265 466 2302 paternitas
493 2268 535 2294 est
556 2266 662 2295 relano.
691 2266 743 2295 Sed
771 2267 924 2304 paternitas
951 2271 993 2297 est

148 2312 315 2349 proprietas:
331 2320 397 2349 ergo
418 2315 469 2341 etc.
491 2312 525 2341 Si
538 2313 638 2347 dicas,
660 2314 735 2351 quod
756 2322 811 2343 non
826 2317 867 2343 est
889 2315 992 2350 simile,

148 2359 214 2396 quia
234 2359 288 2387 alia
303 2362 448 2388 transeunt
469 2359 497 2388 ln
512 2360 709 2396 substantiam,
731 2361 829 2390 relano
849 2370 917 2396 non3
932 2370 993 2391 con-

149 2406 267 2434 trarium
288 2406 443 2434 ostenditur
464 2406 555 2443 primo
577 2407 631 2436 sic:

227 2453 253 2480 2.
283 2452 358 2481 Sicut
388 2453 527 2489 quantitas
556 2457 597 2482 est
627 2462 715 2482 unum
744 2462 831 2491 genus
863 2455 993 2483 acciden-

149 2498 211 2527 tis⁶
240 2499 401 2528 distinctum
430 2507 446 2528 a
473 2500 643 2536 substantia,
673 2501 710 2530 ita
744 2505 771 2530 et
799 2502 912 2535 relatio:
943 2502 992 2531 sed

1052 1284 1117 1321 quia
1142 1285 1167 1312 in
1191 1285 1246 1314 Deo
1271 1294 1325 1314 non
1360 1286 1433 1315 cadit
1458 1287 1616 1322 diversitas,
1646 1288 1708 1317 ideo
1739 1290 1895 1318 necessario

1052 1339 1140 1368 genus
1154 1332 1315 1369 quantitatis
1330 1334 1429 1362 transit
1451 1334 1477 1362 in
1493 1334 1690 1370 substantiam,
1709 1344 1772 1365 cum
1788 1337 1825 1365 ibi
1841 1346 1895 1367 non

1051 1378 1086 1406 sit
1107 1378 1234 1407 accidens
1262 1387 1312 1408 nec
1334 1380 1481 1409 diversitas
1508 1389 1655 1417 generum:
1678 1390 1744 1419 ergo
1766 1384 1826 1420 pari
1856 1392 1896 1412 ra-

1050 1425 1124 1453 tione
1145 1425 1251 1454 relatio.

1130 1472 1155 1500 3.
1184 1472 1264 1507 Item,
1293 1473 1364 1502 sicut
1385 1474 1460 1503 Deus
1487 1477 1529 1503 est
1557 1483 1607 1504 sua
1636 1476 1813 1513 magnitudo,
1836 1477 1869 1506 ita
1886 1478 1895 1492 ⁷

1050 1519 1218 1555 paternitas,
1241 1520 1289 1548 sed
1311 1520 1376 1557 quia
1397 1520 1471 1549 Deus
1493 1524 1535 1550 est
1562 1530 1611 1550 sua
1634 1523 1812 1560 magnitudo,
1834 1524 1896 1553 ideo

1051 1565 1191 1602 quantitas
1212 1574 1266 1594 non
1289 1566 1381 1595 differt
1402 1575 1418 1595 a
1433 1568 1603 1604 substantia,
1625 1569 1674 1598 sed
1695 1569 1721 1598 in
1744 1578 1804 1599 eam
1824 1573 1896 1600 tran-

1051 1611 1100 1640 sit:
1123 1620 1189 1649 ergo
1211 1616 1238 1642 et
1258 1613 1410 1650 paternitas
1432 1614 1567 1644 similiter.

1128 1660 1155 1688 [ι.
1177 1660 1260 1694 Item,
1290 1660 1401 1689 videtur
1430 1662 1503 1699 quod
1534 1662 1631 1691 relatio
1662 1664 1750 1701 magis
1778 1665 1895 1700 transit,

1050 1706 1116 1743 quia
1137 1706 1208 1735 inter
1229 1706 1322 1735 omnia
1343 1715 1445 1744 genera
1465 1708 1650 1738 accidentium
1672 1710 1770 1739 relatio
1795 1711 1896 1748 impor-

1050 1755 1089 1781 tat
1112 1753 1245 1782 maiorem
1272 1753 1507 1790 dependentianz,
1536 1756 1602 1793 quia
1623 1756 1658 1785 ad
1684 1757 1840 1786 subiectum
1869 1761 1895 1787 et

1049 1799 1201 1835 obiectum,
1224 1801 1272 1829 sed
1287 1801 1362 1830 Deus
1376 1802 1488 1831 omnino
1502 1806 1544 1831 est
1564 1803 1765 1841 independens:
1788 1813 1854 1842 ergo
1869 1808 1896 1834 et

1049 1846 1147 1875 relatio
1170 1847 1283 1876 minime
1303 1852 1397 1877 manet
1418 1849 1445 1877 in
1467 1849 1532 1878 Deo.

1129 1895 1154 1922 5.
1177 1894 1260 1929 Item,
1282 1894 1353 1924 inter
1374 1896 1467 1924 omnia
1483 1904 1586 1933 genera
1607 1898 1712 1926 entium
1734 1898 1832 1928 relatio
1848 1899 1895 1928 mi-

1048 1948 1102 1969 nus
1124 1940 1208 1969 habet
1229 1941 1264 1970 de
1278 1942 1426 1977 entitate‘q,
1450 1943 1522 1972 sicut
1542 1947 1631 1981 patet,
1654 1945 1719 1982 quia
1740 1946 1853 1974 advenit
1868 1950 1894 1975 et

1049 1987 1153 2016 recedit
1174 1987 1232 2016 sine
1255 1989 1407 2018 mutatione
1428 1989 1504 2019 illius
1530 1991 1605 2028 quod
1627 1992 1748 2020 refertur
1756 2004 1763 2027 3
1789 1993 1837 2022 sed
1866 1994 1892 2022 in

1048 2042 1159 2063 summo
1181 2038 1243 2063 ente
1264 2043 1319 2064 non
1341 2036 1423 2065 debet
1444 2037 1524 2074 poni,
1547 2038 1598 2066 ulsi
1615 2039 1690 2075 quod
1711 2039 1832 2068 multum
1848 2034 1893 2070 ha-

1048 2081 1094 2110 bet
1115 2081 1149 2110 de
1171 2082 1297 2111 entitate:
1320 2090 1386 2120 ergo
1406 2086 1473 2112 etc«

1363 2184 1572 2207 CONCLUSIO.

1128 2269 1327 2306 Proprietates
1345 2278 1544 2307 personarum
1562 2275 1632 2300 sunt
1651 2272 1813 2302 relationes.

1128 2363 1304 2392 Ruspouuno:
1326 2363 1497 2399 Dicendum,
1526 2365 1601 2402 quod
1628 2366 1812 2403 proprietates
1832 2374 1893 2403 per-
1905 2372 2012 2392 Conclusio-

1049 2409 1158 2438 sonales
1186 2417 1298 2438 necesse
1319 2413 1360 2439 est
1388 2418 1448 2439 esse
1474 2411 1629 2440 relationes.
1659 2412 1690 2440 Et
1710 2412 1762 2442 hoc
1787 2413 1891 2449 duplici

1048 2456 1173 2490 ratlene,
1206 2460 1266 2485 tum
1294 2457 1360 2494 quia
1388 2461 1453 2486 sunt
1485 2458 1759 2488 incommunicabiles
1786 2463 1813 2488 et
1841 2460 1891 2488 soli

1049 2502 1229 2537 conveniunt,
1254 2506 1314 2532 tum
1343 2504 1426 2532 etiam
1456 2504 1521 2541 quia
1553 2505 1664 2534 realiter
1688 2505 1832 2540 differunt,
1861 2509 1892 2534 ut

211 2713 217 2727 ¹
236 2714 301 2736 Num.
321 2714 356 2736 t5.
374 2714 432 2737 Vide
450 2715 486 2737 hie
503 2716 533 2738 lit.
552 2716 661 2745 Magistri,
680 2723 699 2739 c.
718 2717 738 2739 3.

210 2752 219 2766 2
235 2752 295 2775 Libr.
313 2753 344 2775 III.
363 2753 391 2775 de
408 2753 461 2776 Fide
479 2754 567 2777 orthod.
587 2761 606 2777 c.
622 2755 644 2778 7.

209 2790 218 2804 3
237 2791 297 2813 Libr.
320 2792 355 2814 IV.
374 2798 393 2814 c.
412 2792 456 2814 '152
474 2792 605 2816 Nullatenus
626 2797 723 2821 possunt
740 2795 801 2817 iuxta
819 2796 919 2824 aliquam
937 2802 990 2824 qua-

148 2829 214 2851 litatIs
231 2830 396 2857 proprietatem
414 2831 540 2853 alternatim
557 2831 664 2860 differre;
691 2833 838 2862 relinquitur,
857 2837 881 2856 ut
898 2834 990 2856 credan-

148 2870 184 2890 tur
201 2868 261 2890 iuxta
278 2868 374 2890 modum
392 2870 486 2897 originis
503 2870 603 2899 aliquam
621 2871 770 2894 differentiam
788 2872 880 2895 habere.

210 2905 219 2920 ⁴
236 2906 280 2929 Csr.
298 2913 368 2935 supra
385 2914 438 2936 pag.
460 2908 514 2937 152,
532 2912 584 2931 nota
606 2910 623 2932 l.

210 2946 220 2960 ⁵
236 2945 294 2968 Vide
311 2952 380 2974 supra
398 2947 420 2969 d.
439 2947 459 2969 8.
478 2953 500 2975 p.
518 2948 541 2970 II.
559 2948 613 2971 duh.
632 2948 652 2977 4,
670 2952 692 2972 et
709 2950 786 2972 Boetli.
804 2950 833 2973 de
851 2950 912 2973 Trin.
931 2957 950 2974 c.
969 2950 989 2973 4.

209 2984 219 2999 ὅ
238 2985 286 3007 Vat.
304 2988 326 3008 et
343 2986 393 3008 cod.
411 2992 436 3008 cc
454 2988 559 3010 omittunt
575 2987 706 3011 accidentis.

1109 2719 1119 2733 ⁷
1136 2720 1222 2747 Supple
1240 2726 1293 2742 cum
1311 2720 1360 2743 Vat.
1379 2720 1442 2743 Dens
1459 2722 1493 2744 est
1508 2727 1561 2743 sua.

1109 2757 1118 2771 ⁸
1135 2757 1179 2780 cfr.
1197 2758 1295 2786 Ariston,
1309 2758 1367 2780 XIV.
1380 2759 1477 2787 Mctaph.
1495 2765 1514 2781 c.
1532 2759 1552 2781 3.
1572 2759 1635 2787 (XIII.
1648 2765 1667 2781 c.
1681 2760 1718 2788 rl.),
1737 2759 1776 2782 ubi
1795 2761 1838 2782 hoe
1855 2761 1890 2782 tu-

1047 2797 1094 2818 sius
1111 2796 1234 2825 probatur;
1256 2800 1278 2819 et
1300 2798 1426 2827 Averroes,
1449 2798 1495 2820 XII.
1519 2798 1615 2826 Metaph.
1639 2801 1690 2821 text.
1718 2799 1750 2821 19.
1768 2799 1808 2821 ait:
1832 2799 1889 2827 Quia

1048 2835 1144 2864 (relatio)
1161 2839 1194 2858 est
1206 2836 1322 2859 debilioris
1333 2843 1383 2859 esse
1395 2837 1444 2859 aliis
1456 2837 1646 2865 praedicamentis
1656 2855 1661 2864 ,
1678 2838 1707 2860 ita
1720 2838 1782 2866 quod
1794 2838 1889 2866 quidam

1047 2877 1223 2903 reputaverunt,
1241 2876 1315 2903 ipsam
1332 2882 1382 2898 esse
1404 2883 1431 2899 ex
1454 2876 1561 2899 secundis
1577 2876 1699 2899 intellectis.
1711 2876 1785 2899 —De
1802 2878 1889 2899 ratione

1047 2914 1151 2941 proxime
1168 2914 1232 2935 allata
1250 2915 1290 2936 csr.
1308 2917 1394 2943 quaest.
1413 2921 1487 2942 praec.
1502 2915 1567 2937 solut.
1585 2915 1614 2937 ad
1631 2915 1652 2937 3.
1663 2927 1694 2931 —
1706 2914 1777 2937 Codd.
1796 2916 1814 2937 K
1826 2915 1845 2937 V
1863 2922 1889 2938 cc

1047 2955 1069 2974 et
1094 2951 1146 2974 edd.
1165 2953 1193 2980 2,
1212 2953 1240 2981 3,
1259 2952 1287 2981 4,
1311 2952 1336 2982 ὅ,
1355 2954 1367 2975 6
1386 2954 1441 2976 salso
1458 2953 1490 2976 acl
1510 2953 1573 2983 [nied
1593 2953 1697 2983 refertur
1714 2960 1756 2982 pro
1773 2954 1836 2984 qnod
1851 2960 1888 2977 re-

1045 2990 1130 3020 fertur.
