2215 3404
824 135 1008 164 DlSTlNCTIO
1031 135 1130 164 XXXV.

1792 140 1808 167 Ut

1812 139 1827 167 ’Ὁ

1831 141 1847 166 χΙ

727 351 1015 388 DISTINCTIO
1050 351 1213 387 XXXV.

469 586 529 613 esp,
550 586 566 612 1.

115 673 153 699 De
177 671 302 702 scientia,
320 670 516 706 praescientia,
534 670 723 706 providentio,
744 670 920 706 dispositione

338 718 361 740 et
377 713 624 749 praedestinatione
644 713 700 740 Dei.

167 800 287 834 Cumque
306 800 404 834 supra¹
426 800 632 827 disseruerimus
652 807 683 826 ac
703 799 781 834 plura
795 798 944 826 dixerimus

97 843 130 869 dc
150 843 191 869 1115
212 850 281 877 quac
297 843 475 869 communiter
489 842 636 869 secuudum
652 842 828 869 substantiam
843 842 875 868 de
889 843 943 868 Deo

97 886 234 918 dicuntur,
254 894 347 913 eorum
369 890 455 912 tamen
476 886 609 920 quaedam
629 886 774 920 specialem
799 886 944 920 efflagitant

98 932 253 962 tractatuum
274 929 307 956 de
326 930 425 963 quilius
445 929 541 955 amodo
563 929 730 956 tractandum
745 932 797 960 est,
811 928 837 955 id
852 932 891 955 est
910 928 943 955 (19

95 971 216 1003 scicntia,
228 971 417 1007 praescientia,
428 971 613 1006 providencia,
631 971 817 1007 dispositione,
835 971 944 1007 proede-

96 1014 255 1045 stinatione,
271 1015 408 1041 votmztace
423 1018 448 1041 et
460 1015 587 1050 potentia.
597 1030 633 1034 —
643 1015 788 1041 Sciendum
802 1018 841 1041 est
856 1015 942 1049 igitur,

97 1058 169 1093 quod
189 1058 320 1092 sapientia
340 1058 380 1084 vel
403 1058 514 1084 scientia
534 1058 594 1089 Dei,
614 1065 676 1084 cum
697 1058 730 1084 sit
754 1065 806 1084 uua
832 1061 858 1084 ct
883 1058 944 1084 sim-

95 1100 174 1135 plex,
195 1104 281 1127 tamen
303 1103 414 1135 propter
433 1101 522 1127 varios
546 1108 636 1127 rerum
663 1104 747 1127 status
773 1104 798 1127 et
822 1100 943 1127 diversos

96 1144 206 1170 effectus
229 1143 308 1178 plura
327 1151 358 1170 ac
382 1143 488 1170 diversa
502 1143 612 1170 sortitur
625 1143 741 1169 nomina.
755 1143 859 1169 Dicitur
872 1144 941 1170 onim

96 1194 147 1213 non
165 1189 266 1213 tantum
289 1187 412 1217 scicntia,
436 1186 483 1213 sed
506 1186 587 1212 etiam
608 1186 786 1220 praescientia
807 1186 848 1212 vel
869 1194 944 1220 prac-

97 1229 231 1259 videnda,
252 1229 407 1263 dispositio,
427 1229 636 1263 praedestinatio
657 1229 701 1255 et²
722 1229 898 1263 providentia.

467 1315 527 1341 CAr.
548 1315 576 1341 II.

165 1401 202 1427 De
221 1399 319 1436 quihus
339 1400 373 1427 sit
392 1399 570 1435 praescientia
593 1400 634 1426 oei
650 1399 840 1435 praevidentia
854 1400 870 1427 ³.

166 1486 198 1512 Et
218 1489 257 1512 cst
279 1485 460 1521 praescientia
486 1486 542 1512 sive
570 1486 756 1520 praevidentia
785 1486 818 1513 de
847 1487 942 1513 suturis

97 1531 210 1560 tantum,
230 1529 275 1555 sed
297 1529 330 1555 de
350 1529 486 1561 omnibus,
506 1528 629 1555 debonis
648 1529 751 1555 59111991
766 1532 789 1555 91
804 1529 836 1556 (19
857 1530 942 1557 malis.

458 1615 518 1642 CAP.
539 1615 578 1641 111.

356 1701 393 1726 De
413 1699 511 1735 quihus
531 1700 680 1735 dispositio.

166 1785 313 1821 Dispositio
334 1794 398 1813 vero
418 1786 451 1813 (19
474 1786 610 1813 faciendis.

458 1872 518 1899 Cn).
538 1873 579 1900 lv.

325 1960 363 1986 De
376 1958 474 1994 quibus
492 1959 711 1994 praedestinatio.

165 2045 379 2073 Prctedestinatio
393 2045 426 2072 (19
441 2046 593 2072 hominibus
605 2046 614 2059 ⁴
628 2046 763 2073 salvandis
774 2050 800 2073 et
810 2047 843 2074 de
857 2047 942 2080 bouis,

96 2089 194 2124 quibus
222 2092 247 2115 et
267 2089 311 2115 1119
335 2089 483 2115 liberantur
513 2092 539 2115 et
568 2089 592 2115 in
614 2090 702 2116 futuro
732 2090 941 2117 coronabuntur.
971 2095 973 2104 ’

95 2132 307 2159 Praedestinavit
327 2132 396 2158 enim
417 2132 487 2158 Deus
507 2132 540 2158 al)
561 2135 669 2159 aeterno
689 2133 811 2159 homines
825 2133 857 2160 ad
872 2133 942 2161 hona

96 2175 232 2210 eligendo,
247 2178 272 2202 et
291 2175 501 2209 praedestinavit
521 2175 559 2202 eis
574 2175 643 2202 hona
656 2176 852 2210 praeparando.
866 2176 941 2208 Quod

95 2219 216 2245 homines
226 2218 444 2252 praedestinavit,
455 2218 610 2252 Apostolus⁵
622 2219 737 2245 ostendit
748 2219 848 2246 dicens:
859 2220 943 2246 Prae-

96 2261 240 2288 destinavit
253 2269 318 2296 quos
331 2261 475 2296 praescivit
491 2261 554 2296 fieri
567 2262 715 2295 conformes
732 2261 859 2297 imoqinis
873 2262 943 2289 Filii

95 2304 146 2331 sui.
169 2305 201 2330 Et
216 2304 293 2330 alibi:
315 2303 402 2339 Elegsit
418 2312 467 2330 nos
481 2308 542 2330 ante
554 2304 655 2331 'nauata'
668 2304 898 2336 constitutionem,
913 2310 942 2332 iit

95 2354 210 2373 essemus
224 2346 311 2373 sancti
324 2350 346 2373 et
355 2346 531 2373 iimnocttlciti.
543 2347 618 2378 Quod
629 2350 718 2374 autem
730 2348 799 2375 bona
816 2349 854 2375 eis
864 2356 943 2383 prae-

95 2390 244 2423 paraverit,
264 2390 395 2424 propheta
416 2390 497 2416 Isaias
518 2390 633 2416 ostendit
652 2391 758 2417 diceus:
775 2391 873 2418 Oczitzcs
886 2400 942 2418 mm

96 2431 164 2457 vidit
184 2432 253 2458 flens
273 2430 371 2467 absque
392 2436 426 2463 te,
446 2441 514 2468 quoe
526 2432 700 2467 praeparasti
711 2433 885 2467 diliiyentibus
902 2434 944 2460 cel

1000 586 1212 622 ems-peccantibus
1227 591 1256 614 te.
1272 588 1340 622 Ergo
1361 588 1394 614 ab
1414 591 1523 615 aeterno
1543 590 1753 623 praedestinavit
1772 598 1849 625 quos-

1001 630 1061 656 dam
1083 630 1186 656 futuros
1206 630 1290 656 1101105
1310 633 1333 657 91
1356 630 1459 664 beatos,
1482 631 1505 657 id
1527 635 1565 658 est
1587 632 1682 666 elegit,
1706 636 1734 659 ut
1761 637 1847 660 essent

972 701 974 712 Ι
1001 672 1063 699 110111
1084 676 1107 699 91
1128 673 1212 705 beati,
1233 676 1257 699 et
1278 673 1347 699 hona
1367 673 1405 699 cis
1425 674 1650 707 praedestinavit,
1671 675 1697 701 id
1718 679 1757 702 951
1771 684 1849 710 prae-

1000 715 1114 749 paravit.

1367 802 1427 829 Car.
1453 803 1482 829 V.

1245 888 1282 913 De
1302 887 1400 923 quibus
1424 888 1605 923 providentio.

1071 971 1247 999 Providentia
1267 976 1357 1000 autem
1376 977 1413 1000 est
1435 974 1684 1009 gubernandorum,
1705 984 1773 1010 quac
1800 977 1849 1003 uti-

1001 1023 1053 1049 que
1073 1015 1169 1042 eodem
1189 1016 1268 1042 inodo
1289 1016 1395 1043 videtur
1415 1017 1511 1051 accipi,
1531 1026 1584 1052 quo
1605 1017 1753 1053 dispositio.
1770 1020 1850 1046 Inter-

1000 1058 1063 1085 dum
1086 1062 1173 1085 tamen
1194 1059 1365 1093 providentia
1385 1060 1520 1094 accipitur
1539 1069 1588 1095 pro
1608 1062 1794 1096 praescientia.

1363 1146 1424 1173 CAP.
1444 1147 1485 1174 VI.

1174 1232 1211 1258 De
1231 1231 1328 1266 quibus
1347 1232 1482 1267 sapientia
1504 1233 1545 1259 oet
1562 1233 1682 1260 scientio.

1072 1316 1210 1352 Sapientia
1231 1325 1293 1344 vero
1314 1318 1355 1344 vel
1375 1318 1485 1344 scientia
1511 1319 1544 1346 (19
1565 1320 1688 1346 011111111115
1708 1323 1761 1351 est,
1781 1320 1849 1347 scili-

1001 1362 1043 1386 cet
1062 1359 1139 1386 bonis
1165 1363 1189 1387 et
1210 1361 1299 1392 malis,
1319 1364 1345 1387 et
1364 1361 1397 1387 de
1417 1362 1618 1395 praesentibus,
1648 1363 1800 1397 praeteritis
1823 1367 1848 1390 et

1001 1402 1110 1435 suturis,
1131 1406 1155 1429 et
1171 1410 1221 1429 non
1244 1406 1345 1430 tantum
1366 1404 1398 1430 de
1420 1405 1627 1438 temporalibus,
1648 1406 1694 1432 sed
1715 1406 1794 1432 etiam
1815 1406 1849 1432 de.

1001 1446 1124 1471 aeternis.
1139 1445 1196 1471 Non
1217 1446 1287 1472 enim
1307 1446 1343 1473 ita
1362 1447 1413 1472 scit
1432 1447 1503 1473 Deus
1517 1448 1566 1474 ista
1581 1448 1752 1482 temporalia,
1774 1452 1801 1475 ut
1821 1456 1849 1475 se

1001 1488 1089 1522 ipsum
1110 1489 1222 1521 nesciat,
1243 1489 1289 1515 sed
1313 1489 1370 1523 ipse
1390 1490 1462 1516 solus
1482 1497 1511 1516 se
1531 1491 1618 1524 ipsum
1630 1492 1747 1525 perfecte
1761 1492 1848 1525 novit,

1000 1531 1077 1557 cuius
1096 1531 1224 1558 scientiae
1244 1533 1445 1566 comparatione
1465 1533 1551 1559 onmis
1571 1537 1710 1561 creaturae
1736 1535 1848 1561 scientia

1002 1574 1156 1608 imperfecta
1176 1578 1222 1601 951.

1360 1662 1420 1688 CAr.
1434 1662 1486 1689 vlt.

1090 1747 1183 1773 L'trzcm
1201 1747 1399 1782 praescientia,
1421 1748 1462 1774 cet
1481 1748 1621 1784 dispositio
1641 1750 1692 1776 Dei
1709 1759 1762 1777 esse

1174 1790 1304 1824 potuerit,
1324 1790 1349 1817 si
1366 1791 1446 1817 mitto
1466 1796 1550 1818 essent
1568 1793 1670 1827 ficturo.

1071 1876 1118 1902 Hic
1138 1876 1305 1903 considerari
1325 1881 1442 1911 oportet,
1464 1881 1553 1905 utrum
1570 1879 1693 1911 seientia,
1712 1880 1753 1906 vel
1771 1887 1848 1914 prae-

1000 1919 1123 1950 scientia,
1145 1919 1185 1946 vel
1205 1920 1360 1953 dispositio,
1381 1921 1421 1947 vel
1436 1921 1645 1954 praedestinatio
1658 1923 1775 1957 potuerit
1789 1931 1846 1950 esse

1000 1961 1025 1987 in
1045 1962 1112 1993 Deo,
1132 1962 1153 1987 si
1174 1962 1246 1988 nulla
1261 1963 1369 1989 luissent
1393 1964 1489 1990 t'utura.
1505 1964 1571 1991 Cum
1585 1965 1655 1991 enim
1669 1966 1847 1999 praescientia

1000 2004 1034 2030 sit
1054 2004 1218 2038 futurorum,
1239 2008 1265 2031 et
1284 2005 1423 2039 dispositio
1444 2006 1639 2039 faciendorum,
1660 2011 1684 2034 et
1704 2009 1848 2042 praedesti-

999 2047 1071 2073 natio
1092 2047 1295 2080 salvandorum,
1315 2049 1337 2074 si
1359 2049 1429 2075 nulla
1446 2053 1533 2076 essent
1547 2050 1647 2080 sutura,
1662 2052 1683 2077 si
1697 2052 1762 2078 nihil
1778 2056 1846 2079 esset

1001 2090 1118 2116 facturus
1138 2091 1220 2123 Deus,
1242 2092 1282 2117 vel
1303 2092 1408 2127 aliquos
1427 2093 1593 2126 salvaturus,
1614 2102 1665 2120 non
1680 2094 1786 2121 videtur
1800 2103 1847 2129 po-
1870 2101 1873 2103 “

1000 2133 1081 2159 1111559
1095 2133 1119 2159 111
1133 2134 1187 2160 Deo
1207 2141 1265 2160 esse
1284 2136 1476 2168 praescientia,
1491 2136 1531 2162 vel
1546 2136 1699 2171 dispositio,
1714 2138 1755 2164 vel
1770 2145 1848 2172 prae-

1000 2176 1155 2210 destinati03
1176 2178 1263 2211 potuit
1283 2180 1372 2204 autem
1394 2179 1463 2204 Deus
1484 2179 1555 2206 nulla
1579 2180 1715 2213 praescire
1741 2180 1846 2213 sutura,

998 2220 1086 2253 potuit
1105 2227 1155 2246 non
1177 2227 1269 2247 creare
1295 2220 1412 2255 aliquid,
1441 2222 1480 2248 vel
1507 2230 1558 2248 non
1589 2223 1693 2250 salvare
1722 2224 1843 2259 aliquos:

999 2263 1085 2296 potuit
1105 2270 1167 2297 ergo
1187 2270 1239 2289 non
1260 2270 1318 2290 esse
1338 2264 1364 2289 in
1386 2265 1438 2290 Deo
1459 2266 1652 2299 praescientia,
1674 2267 1713 2293 vel
1734 2267 1845 2302 disposi-

1000 2305 1044 2337 tio,
1055 2305 1095 2331 vel
1107 2306 1324 2339 praedestinatio.
1334 2322 1370 2326 —
1380 2307 1419 2333 Ad
1437 2308 1488 2334 hoc
1502 2311 1590 2335 autem
1606 2309 1640 2335 ita
1655 2317 1669 2336 a
1683 2310 1844 2344 quibusdam
1869 2319 1969 2345 opponunt

999 2349 1158 2383 opponitur:
1178 2349 1219 2381 Si,
1240 2350 1377 2384 inquiunt,
1397 2351 1485 2384 potuit
1512 2352 1688 2385 praescientia
1716 2354 1762 2380 Dei
1793 2362 1843 2380 uon
1858 2342 1939 2364 ‘Imm'

999 2398 1056 2417 esse
1076 2391 1101 2417 in
1122 2392 1176 2418 Deo
1197 2392 1230 2418 ab
1251 2396 1373 2425 aeterno,
1394 2397 1420 2420 et
1443 2395 1531 2428 potuit
1556 2403 1607 2421 non
1632 2403 1704 2427 esse;
1728 2396 1749 2422 si
1780 2404 1843 2423 vcro

1000 2435 1087 2468 potuit
1107 2442 1157 2461 uon
1179 2443 1251 2466 esse,
1271 2443 1333 2462 cum
1352 2438 1532 2470 praescientia
1545 2439 1591 2465 Dei
1606 2439 1639 2465 sit
1653 2439 1710 2465 eius
1724 2440 1843 2471 seientia,

161 2639 167 2653 ¹
186 2640 238 2661 Dist.
258 2640 312 2662 Vlll.
331 2640 390 2662 th.
410 2640 478 2662 XXll.
497 2641 571 2662 XXX.

159 2678 169 2692 Ξ
186 2679 236 2700 Vat.
253 2681 276 2700 et
292 2679 343 2701 edd.
358 2679 377 2706 4,
391 2680 404 2701 6
417 2680 523 2702 omittunt
538 2680 706 2709 praevidentia,
726 2680 853 2710 dispositio,
873 2688 942 2711 prae-

97 2716 220 2740 destinatio
237 2718 259 2739 et
275 2720 352 2739 contra
370 2724 451 2740 omncs
469 2718 535 2740 codd.
554 2721 575 2740 91
591 2718 627 2741 ed.
650 2719 654 2740 l
677 2719 778 2748 aliasque
795 2720 855 2748 edd„
882 2726 941 2749 quac

98 2757 172 2777 tamen
190 2756 333 2784 aliquatenus
351 2757 408 2778 inter
424 2763 448 2778 sc
466 2756 579 2779 differunt.

160 2794 169 2808 ⁷⁴
188 2795 215 2817 lta
227 2795 309 2817 melius
319 2795 386 2817 codd.
400 2796 416 2816 Α
427 2796 443 2816 Β
453 2796 478 2823 D,
491 2796 526 2817 alii
540 2802 591 2818 cum
606 2797 710 2824 plurimis
721 2797 774 2819 edd.
784 2797 940 2826 procidentia.

101 2834 121 2855 ln
139 2835 189 2861 ipso
206 2834 305 2862 capitulo
324 2835 435 2862 plurimae
460 2834 512 2856 edd.
532 2835 587 2856 salso
617 2835 700 2858 1111119111
724 2836 772 2859 sire
791 2836 940 2866 providentia

97 2877 146 2894 non
162 2871 189 2895 [Ie
205 2871 301 2901 futuris.

160 2910 168 2925 ⁴
187 2911 214 2932 ita
234 2911 300 2933 codd.
319 2913 335 2933 A
347 2912 362 2933 11
372 2912 389 2933 D
400 2913 414 2933 13
427 2916 447 2934 91
460 2912 512 2934 cdd.
530 2913 547 2935 1.
566 2914 591 2937 6:
612 2913 663 2935 cod.
676 2913 692 2935 C
702 2918 721 2936 91
736 2914 791 2936 aliae
804 2914 856 2936 edd.
867 2914 942 2937 onmi-

998 2642 1047 2665 bus.
1067 2643 1113 2664 Non
1127 2643 1221 2671 quidem
1233 2643 1369 2666 excludendi
1386 2648 1440 2667 sunt
1456 2646 1548 2673 Angeli,
1566 2646 1606 2668 scd
1623 2646 1729 2674 Magister
1740 2648 1807 2669 91111111
1820 2649 1841 2670 111

997 2682 1146 2710 sequentibus
1164 2684 1250 2704 tantum
1268 2682 1297 2704 dc
1315 2683 1447 2706 hominibus
1464 2685 1568 2712 cpocite
1586 2685 1693 2713 loquitur.
1711 2686 1842 2709 lmniediate

998 2723 1048 2748 post
1067 2721 1115 2742 Vat.
1134 2727 1187 2743 cum
1205 2722 1310 2749 plurimis
1327 2722 1380 2744 edd.
1398 2724 1480 2751 repetit
1498 2723 1609 2746 omnibvs
1626 2728 1678 2746 ante
1696 2723 1768 2747 bonis.

1060 2760 1069 2773 ⁵
1088 2761 1152 2782 110111,
1171 2761 1191 2788 8,
1211 2761 1247 2782 29.
1267 2761 1377 2789 Vulgata:
1395 2762 1451 2784 Nam
1470 2769 1528 2791 quos
1543 2765 1672 2791 praescivit,
1685 2767 1706 2786 91
1718 2765 1843 2792 praedesti-

998 2800 1061 2821 navit
1071 2799 1200 2821 conformes
1216 2799 1263 2821 fieri
1276 2801 1382 2828 imaginis
1395 2801 1440 2823 Filii
1458 2802 1500 2823 sui.
1512 2813 1544 2817 —-
1556 2802 1618 2824 Atius
1631 2803 1694 2825 locus
1711 2806 1744 2825 cst
1760 2804 1841 2832 Eplics.

1004 2838 1019 2865 t,
1036 2837 1053 2865 i,
1067 2837 1106 2859 ubi
1120 2838 1217 2865 Vulgata
1230 2841 1279 2865 post
1293 2844 1336 2861 nos
1348 2839 1422 2861 addit:
1440 2839 1465 2861 in
1477 2839 1527 2869 ipso
1534 2849 1541 2867 ,·
1554 2842 1634 2863 tertius
1652 2841 1715 2863 locus
1732 2843 1842 2866 conflatus

998 2878 1032 2897 cst
1049 2882 1074 2897 cx
1093 2876 1141 2898 lsai.
1160 2875 1196 2903 64,
1216 2875 1235 2900 [1,
1254 2880 1274 2899 91
1294 2877 1307 2899 l.
1325 2876 1376 2899 Cor.
1395 2878 1416 2905 2,
1435 2879 1455 2900 9.
