2215 3404
760 148 842 176 DIST.
865 149 973 178 XLVIII.
994 149 1067 176 ART.
1089 149 1106 177 l.
1129 150 1264 186 QUAEST.
1286 151 1303 178 l.

1843 153 1895 180 851

810 319 993 348 TRACTATIO
1014 320 1254 356 QUAESTIONUM.

240 475 278 504 Ad
301 475 510 512 intelligentiam
538 475 692 512 praesentis
720 475 903 504 distinctionis
924 483 1005 512 quae-

162 523 235 551 ritur
256 522 291 551 de
318 522 510 551 conformitate
541 522 691 551 voluntatis
712 525 823 550 nostrae
854 522 889 550 ad
911 522 1005 550 volun-

164 572 247 598 tatem
261 569 318 597 Dei.
335 569 366 597 Et
380 569 453 597 circa
474 569 526 597 hoc
541 569 597 597 duo
611 569 801 606 principaliter
820 572 1004 606 quaeruntur.

240 615 331 643 Primo
353 615 498 652 quaeritur
519 615 554 644 de
576 616 635 653 ipsa
656 616 847 644 conformitate
868 618 1004 652 quantum

162 662 197 691 ad
218 662 411 699 quidditatem.

241 709 368 738 Secundo
379 709 525 746 quaeritur
534 709 569 738 de
577 710 637 747 ipsa
644 712 779 746 quantum
788 709 823 737 ad
833 709 982 737 tentionem
989 708 1005 735 ¹.

1140 475 1218 504 Circa
1238 476 1360 513 primum
1383 476 1533 505 articulum
1554 477 1610 505 duo
1632 481 1814 514 quaeruntur.

1140 522 1230 550 Primo
1252 522 1412 559 quaeritur,
1443 526 1539 550 utrum
1560 523 1691 559 possibile
1717 524 1751 552 sit
1779 524 1903 552 volunta-

1061 571 1115 596 tem
1138 571 1262 596 nostram
1283 568 1449 597 conformari
1472 568 1606 597 voluntati
1628 569 1746 598 divinae.

1139 615 1281 649 Secundo,
1302 618 1398 643 utrum
1420 615 1597 643 conformitas
1618 616 1768 645 voluntatis
1792 619 1903 645 nostrae

1061 661 1096 689 ad
1117 661 1239 689 divinam
1260 661 1341 689 faciat
1361 661 1533 689 voluntatem
1556 665 1678 690 nostram
1700 663 1810 691 iustam.

891 862 1125 896 ARTICULUS
1151 863 1173 895 i.

570 992 609 1020 De
631 991 837 1028 conformitate
859 991 1017 1020 voluntatis
1037 996 1155 1020 nostrae
1177 991 1275 1029 quoad
1295 991 1495 1029 qtiiclclitatem.

935 1160 1097 1196 0011115110
1119 1160 1136 1187 1.

438 1282 542 1310 Utrum
559 1281 697 1318 possibile
717 1281 769 1315 sit,
794 1281 967 1309 volantatem
989 1285 1122 1309 nostram
1144 1281 1260 1310 (livinae
1283 1281 1426 1310 volantati
1446 1280 1638 1319 conformari.

242 1439 322 1476 Quod
343 1443 437 1468 autem
454 1447 507 1467 non
523 1439 558 1468 sit
579 1439 724 1476 possibile,
738 1442 863 1467 nostram
884 1438 1009 1467 volunta-

162 1490 217 1516 tem
241 1487 407 1516 conformari
430 1486 555 1520 divinae,
576 1486 732 1515 ostenditur
754 1486 801 1515 sic.

246 1535 270 1562 1.
290 1534 375 1563 Isaiae
390 1533 621 1571 quinquagesimo
636 1533 732 1570 quinto
743 1533 766 1561 ²:
783 1532 866 1561 Sient
879 1532 1008 1561 exaltan-

35 1593 65 1613 Αα
77 1594 153 1617 oppos-1.
166 1584 215 1609 tur
236 1580 311 1609 caeli
330 1588 349 1608 a
371 1583 468 1613 terra,
491 1579 533 1607 ita
554 1579 700 1607 eoealtat‘ae
720 1583 788 1607 sam
808 1579 874 1607 viae
887 1587 967 1607 meae
988 1587 1008 1607 α

71 1619 116 1636 tum.

164 1627 222 1656 viis
243 1627 363 1660 vestris,
385 1630 411 1654 et
430 1626 618 1663 cogitationes
639 1634 719 1654 meae
740 1634 759 1653 a
783 1625 1008 1663 eogyilationibas

163 1675 276 1704 vestris.
298 1674 351 1703 Sed
373 1674 445 1703 sicut
463 1676 504 1702 est
524 1674 551 1701 in
566 1673 618 1702 viis
640 1676 666 1702 et
681 1673 906 1710 cogitationibus,
928 1673 967 1701 sic
982 1676 1009 1701 et

164 1723 191 1751 in
212 1721 417 1750 voluntatibus:
440 1728 506 1757 ergo
521 1721 543 1749 51
566 1721 675 1749 caelum
689 1723 716 1749 et
737 1723 811 1749 terra
829 1728 883 1748 non
905 1720 1009 1748 habent

163 1768 398 1802 conformitatem,
420 1767 505 1796 immo
527 1767 750 1801 difformitatem,
773 1767 885 1795 videtur
916 1766 1009 1795 simili-

163 1818 221 1850 ter³
243 1815 318 1852 quod
339 1822 390 1843 nec
404 1814 534 1843 voluntas
555 1816 649 1842 nostra
664 1817 691 1842 et
712 1813 841 1842 voluntas
859 1813 960 1841 divina.
977 1812 1010 1841 Si

163 1862 263 1896 dieas,
295 1862 369 1899 quod
401 1862 552 1890 auctoritas
582 1861 746 1897 intelligitur
771 1864 797 1889 et
818 1860 943 1897 loquitur
973 1861 1007 1889 de

163 1909 259 1943 malis3
280 1912 400 1937 eontra:
417 1916 502 1945 super
517 1908 587 1936 illud
603 1907 737 1936 Psalmi2‘:
763 1907 895 1935 Emoltate
916 1907 1007 1941 iusti,

163 1956 276 1985 Glossa:
304 1956 474 1992 «Quantum
496 1955 579 1983 distat
598 1954 672 1983 Deus
694 1954 729 1982 ab
751 1954 877 1988 homine,
898 1956 1007 1983 tantum

163 2003 247 2032 distat
267 2003 396 2031 voluntas
414 2002 462 2030 Dei
485 2010 500 2030 a
522 2002 664 2030 voluntate
684 2000 805 2029 hominis
815 2011 845 2028 »z
869 2008 935 2038 ergo
956 2004 1006 2030 etc.

242 2051 267 2078 2.
290 2050 369 2084 item,
393 2049 498 2077 infinite
519 2048 683 2077 distantium
703 2047 782 2076 nulla
802 2050 844 2076 est
864 2048 1008 2076 conformi-

162 2097 243 2132 tas⁴3
264 2097 312 2126 sed
333 2097 409 2125 Deus
429 2099 455 2124 et
476 2096 560 2124 homo
581 2095 685 2124 distant
715 2095 742 2123 in
764 2094 917 2126 infinitum,
943 2103 1007 2123 cum

162 2153 251 2173 unum
273 2144 308 2173 sit
329 2144 438 2172 finitum
460 2146 487 2172 et
508 2143 585 2171 aliud
607 2142 758 2171 infinitum:
781 2150 847 2178 ergo
868 2142 946 2170 nulla
966 2146 1008 2171 est

163 2191 342 2220 conformitas
362 2190 548 2219 voluntatum.

242 2237 268 2266 3.
283 2238 364 2272 item,
380 2237 402 2266 si
417 2237 546 2265 voluntas
566 2239 662 2265 nostra
677 2235 866 2264 conformatur
881 2235 1007 2269 divinae.

163 2287 212 2313 aut
233 2292 299 2321 ergo
326 2292 356 2312 se
384 2283 463 2320 ipsa,
485 2286 534 2311 aut
554 2283 581 2311 in
611 2283 701 2311 tertio.
724 2282 751 2310 Si
770 2282 798 2310 in
820 2281 919 2310 tertio.-
941 2289 1007 2318 ergo

164 2331 258 2360 divina
273 2331 402 2359 voluntas
416 2333 443 2359 et
464 2330 589 2358 humana
603 2329 772 2358 conveniunt
786 2329 814 2357 in
829 2328 922 2366 aliquo
936 2336 1008 2357 com-

227 2530 234 2545 1
254 2530 277 2553 ld
294 2534 328 2553 est
344 2530 515 2557 obligationem.

227 2569 236 2583 ²
254 2569 321 2591 Vers.
337 2569 357 2590 9.
369 2580 401 2584 —-
421 2568 489 2590 Paulo
507 2568 600 2590 inferius
626 2574 668 2595 pro
684 2567 862 2597 difformitatem.
886 2568 936 2590 Vat.
954 2573 1007 2589 cum

164 2607 270 2636 pluribus
287 2613 341 2629 mss.
358 2608 485 2635 incongrue
502 2606 689 2635 deformitatem;
704 2606 740 2629 ed.
763 2607 767 2628 l
784 2607 867 2629 omittit
881 2606 953 2629 immo
965 2605 1009 2634 dis—

163 2646 317 2676 formitatem.

227 2685 236 2700 3
253 2686 334 2708 13501111.
353 2685 392 2712 32,
412 2685 432 2706 ¹1.
444 2696 475 2700 —
486 2685 565 2706 Glossa
583 2685 618 2707 cit.
636 2686 710 2707 sumta
728 2687 762 2707 est
778 2691 805 2707 ex
822 2685 919 2712 August.
940 2685 1009 2706 Enar-

165 2727 206 2747 rat.
224 2725 246 2746 in
264 2724 351 2746 dictum
368 2723 450 2745 Psalm.
468 2729 490 2745 n.
508 2724 529 2745 2.

228 2762 237 2777 ⁴
254 2763 318 2785 Ratio
330 2764 375 2790 est,
393 2763 446 2790 quia
459 2762 605 2784 conformitas
622 2764 656 2784 est
667 2762 795 2784 secundum
808 2762 907 2790 aliquam
925 2767 1009 2784 conve-

165 2803 273 2824 nientiam
291 2804 313 2823 et
329 2801 556 2829 approximationem.
575 2799 619 2823 Csr.
637 2801 794 2829 Aristot.‚Vll.
813 2801 880 2828 Phys.
902 2802 953 2822 text.
971 2799 1008 2822 24.

165 2847 230 2870 seqq.
249 2847 281 2867 (e.
300 2840 338 2868 4.).
362 2839 443 2868 Quoad
466 2845 559 2867 propos.
577 2840 689 2861 minorem
711 2840 881 2867 respiciendum
904 2842 937 2861 est
954 2839 1008 2860 illud

165 2880 267 2907 Ariston,
285 2879 299 2901 l.
318 2879 346 2901 de
358 2877 425 2901 Caelo
442 2881 463 2900 et
480 2877 579 2906 mundo,
597 2880 648 2899 text.
661 2877 697 2900 52.
710 2881 732 2900 et
744 2877 779 2899 64.
799 2878 831 2903 (c.
845 2878 866 2899 6.
879 2881 900 2899 et
912 2877 959 2906 7.):
977 2877 1009 2898 Fi-

165 2919 205 2940 11111
221 2919 250 2941 ad
267 2918 380 2940 infinitum
399 2918 458 2939 nulla
476 2920 509 2940 est
526 2917 645 2945 proportio
664 2916 756 2945 (ratio).

1064 1438 1141 1467 muni
1151 1449 1158 1473 ;
1186 1442 1213 1467 et
1233 1439 1256 1467 si
1287 1439 1354 1473 hoc,
1386 1447 1452 1475 ergo
1483 1439 1586 1467 habent
1617 1439 1722 1476 aliquid
1753 1439 1907 1476 simplicius

1065 1486 1127 1520 sefig
1147 1486 1221 1522 quod
1243 1489 1285 1514 est
1306 1485 1514 1518 inconveniens²
1546 1486 1669 1514 maxime
1691 1486 1718 1514 in
1749 1486 1843 1515 divina
1863 1494 1908 1514 vo-

1064 1531 1178 1560 luntate.
1208 1533 1300 1561 Restat
1330 1540 1409 1569 ergo.
1441 1532 1541 1569 quodsi
1573 1535 1614 1560 est
1634 1533 1801 1567 conformis,
1833 1533 1906 1569 quod

1064 1587 1094 1607 se
1114 1579 1180 1616 ipsa
1201 1579 1407 1607 conformetur:
1430 1587 1496 1616 ergo
1518 1579 1647 1608 voluntas
1668 1583 1709 1608 est
1730 1580 1790 1616 ipsa
1804 1580 1908 1608 confor-

1066 1626 1154 1654 mitas.
1180 1626 1233 1654 Sed
1264 1626 1442 1655 conformitas
1473 1634 1528 1654 non
1556 1628 1728 1663 potestesse
1752 1627 1905 1655 difformis:

1065 1680 1131 1709 ergo
1153 1672 1282 1701 voluntas
1296 1676 1390 1701 nostra
1411 1681 1465 1700 non
1480 1676 1571 1709 potest
1589 1673 1749 1702 discordare
1764 1681 1780 1701 a
1801 1673 1907 1708 divina,

1065 1720 1139 1757 quod
1161 1723 1203 1748 est
1224 1719 1368 1748 manifeste
1388 1719 1498 1748 falsum.

1143 1767 1169 1794 ίι..
1192 1767 1277 1801 Item,
1299 1766 1321 1795 si
1342 1766 1470 1795 voluntas
1492 1769 1587 1794 nostra
1608 1769 1649 1795 est
1671 1767 1820 1796 conformis
1841 1767 1909 1796 divi-

1065 1821 1135 1847 nae,
1156 1815 1206 1841 aut
1226 1813 1277 1841 hoc
1299 1813 1427 1841 convenit
1448 1813 1656 1847 essentialiter,
1677 1817 1726 1842 aut
1744 1822 1797 1850 per
1815 1814 1909 1851 parti-

1065 1860 1128 1896 cipri
1135 1860 1247 1887 tionem.
1263 1859 1288 1887 Si
1304 1859 1508 1893 essentialiter,
1524 1860 1597 1888 redit
1612 1860 1684 1888 idem
1706 1860 1780 1897 quod
1796 1861 1875 1897 prius
1886 1861 1908 1895 ὓς

1065 1906 1087 1935 51
1105 1915 1158 1943 pei·
1177 1906 1455 1943 participationem,
1478 1914 1583 1942 quaero
1605 1906 1640 1935 de
1662 1906 1724 1941 illo,
1746 1915 1796 1943 per
1827 1907 1908 1936 cuius

1064 1953 1303 1989 participationem
1335 1953 1464 1981 voluntas
1492 1957 1534 1981 est
1555 1953 1723 1987 conformis,
1744 1956 1842 1982 utrum
1874 1954 1908 1982 sit

1065 2000 1213 2029 conforme.
1237 2000 1263 2027 Si
1284 2008 1358 2033 11011,
1380 2008 1436 2027 000
1457 2003 1547 2036 potest
1578 1999 1769 2034 conformare3
1791 2000 1813 2028 si
1845 2000 1908 2034 sic;

1065 2050 1131 2076 tunc
1152 2049 1200 2075 aut
1221 2046 1426 2079 essentialiter,
1452 2049 1501 2074 aut
1520 2046 1744 2082 participative.-
1776 2054 1842 2083 ergo
1863 2046 1907 2075 vel

1064 2095 1118 2123 erit
1138 2093 1220 2122 abire
1242 2093 1272 2121 in
1287 2092 1453 2129 iiisioiitimz,
1475 2093 1519 2121 vel
1541 2096 1615 2122 stare
1630 2093 1657 2121 10
1678 2093 1771 2130 aliquo
1793 2098 1907 2127 creato,

1065 2141 1138 2178 quod
1161 2140 1195 2169 sit
1217 2140 1357 2169 conforme
1378 2140 1435 2168 Deo
1455 2148 1505 2176 per
1527 2139 1698 2173 essenticoii,
1721 2140 1763 2168 vel
1780 2140 1908 2169 voluntas

1065 2188 1255 2217 conformatur
1276 2187 1333 2215 Deo
1354 2194 1403 2223 per
1425 2186 1599 2214 increatam.
1621 2186 1674 2214 Sed
1689 2194 1743 2214 non
1765 2190 1806 2215 est
1827 2186 1909 2215 abire

1065 2235 1096 2263 in
1118 2234 1283 2272 infinitam,
1312 2242 1362 2262 nec
1384 2237 1425 2262 est
1445 2241 1565 2270 ponere,
1587 2233 1660 2270 quod
1693 2233 1771 2261 Deus
1792 2234 1827 2262 sit
1848 2242 1909 2262 con-

1064 2282 1190 2311 formitas
1211 2281 1361 2310 voluntatis
1375 2281 1515 2309 humanae
1536 2280 1571 2308 ad
1586 2280 1692 2309 Deum:
1715 2288 1781 2317 ergo
1796 2280 1907 2317 aliquod

1065 2332 1197 2357 creatum
1218 2327 1408 2356 essentialiter
1423 2330 1465 2355 est
1485 2327 1634 2356 conforme.
1650 2327 1702 2355 Sed
1725 2327 1799 2364 quod
1821 2335 1910 2355 essen-

1126 2529 1136 2543 5
1153 2528 1311 2556 Ncmpcjllud
1328 2534 1462 2555 commune,
1480 2529 1502 2549 in
1520 2534 1566 2556 quo
1583 2528 1728 2549 conveniunt.
1742 2526 1787 2549 cfr.
1805 2527 1908 2555 Ariston,

1065 2568 1079 2589 i.
1097 2568 1181 2589 Foster.
1200 2573 1218 2589 c.
1237 2568 1273 2589 20.
1292 2567 1324 2595 (c.
1344 2567 1402 2595 24.),
1421 2566 1459 2589 ubi
1472 2567 1601 2589 universale
1619 2567 1769 2593 (commune)
1787 2566 1909 2593 particula-

1065 2605 1129 2628 ribus
1146 2606 1272 2633 simplicius
1289 2611 1340 2627 esse
1357 2604 1499 2627 docetur.—
1511 2605 1579 2626 Paulo
1597 2607 1648 2632 post
1666 2610 1708 2631 pro
1722 2603 1839 2633 difformis
1858 2604 1907 2626 Vat.

1065 2650 1119 2667 cum
1136 2644 1187 2666 cod.
1206 2650 1231 2665 cc
1247 2643 1396 2673 clifformilcts.

1126 2682 1136 2696 ⁶
1153 2683 1253 2710 Scilicet,
1271 2681 1334 2710 quod
1357 2683 1432 2703 nostra
1455 2682 1561 2704 voluntas
1586 2687 1630 2703 non
1654 2681 1724 2708 possit
1746 2680 1907 2702 discordaret]

1065 2722 1181 2743 voluntate
1199 2720 1288 2748 divin-(13
1307 2719 1370 2748 quod
1387 2720 1506 2742 manifeste
1523 2720 1606 2741 falsum
1623 2721 1667 2747 est7
1690 2722 1714 2741 ut
1731 2719 1753 2740 in
1770 2724 1819 2746 arg.
1841 2724 1908 2746 prae-

1065 2760 1114 2782 ced.
1132 2759 1259 2781 dicebatur.
1270 2771 1302 2774 —
1313 2759 1383 2781 Paulo
1400 2759 1494 2781 inferius
1510 2761 1562 2786 post
1578 2759 1662 2780 utram
1678 2756 1708 2780 sil
1725 2756 1844 2785 conforme
1857 2757 1906 2779 Vnt.

1065 2799 1129 2821 addit
1148 2798 1184 2821 vel
1200 2804 1255 2821 non.
1267 2798 1323 2820 Dein
1342 2804 1384 2825 pro
1395 2799 1438 2820 aut
1451 2797 1615 2827 participative
1632 2796 1682 2819 cod.
1696 2797 1713 2818 T
1732 2802 1784 2818 cnm
1802 2795 1907 2823 pluribus

1066 2838 1114 2859 aliis
1131 2837 1198 2859 codd.
1211 2838 1253 2859 aul
1267 2836 1454 2865 participatione.
1468 2836 1490 2857 ln
1508 2837 1586 2858 ultima
1604 2835 1734 2863 argumenti
1752 2835 1907 2862 propositione

1066 2876 1117 2898 Val.
1135 2879 1157 2898 et
1174 2875 1225 2898 cod.
1243 2882 1268 2897 0(-
1285 2878 1337 2903 post
1354 2875 1482 2897 secundum
1500 2874 1608 2898 convenit
1624 2877 1729 2901 repetunt
1745 2879 1799 2896 cum
1817 2872 1864 2895 flio.
