2215 3404
4 782 15 800 d
27 782 100 805 opposi-

20 807 63 823 tum.

695 158 776 186 DIST.
800 153 933 187 XXXVIII.
956 160 1028 187 ΛΒΤ.
1051 160 1077 187 II.
1101 160 1236 196 QUAEST.
1259 162 1286 189 ll.
1806 166 1862 193 677

882 295 1043 331 QUAESTIO
1066 295 1093 323 11.

585 401 687 429 Utrum
710 402 875 430 necessario
900 403 975 431 Deus
995 404 1146 439 praesciat
1167 412 1241 441 quac
1259 406 1398 441 praesc-271.

192 543 318 571 Secundo
339 543 501 580 quaeritur,
532 547 627 572 utrum
660 544 754 573 divina
776 545 959 581 praescientia

113 590 214 619 habeat
235 590 261 618 in
284 598 312 618 se
334 590 541 624 necessitatem,
565 590 616 619 lioc.
638 594 694 625 est,
727 594 823 619 utrum
846 599 958 620 necesse

113 637 163 672 sit,
183 637 271 665 Deum
303 636 444 673 praescire
476 637 549 673 quod
583 638 711 674 praescit.
746 638 775 666 Et
796 638 871 674 quod
903 639 957 673 sic,

112 684 281 712 ostenditur:

193 732 216 759 1.
239 731 330 759 Primo
351 738 401 767 per
423 731 615 759 auctoritatem
638 731 756 760 Anselnii
780 732 806 759 in
829 731 900 760 libro
922 732 957 761 de

113 777 265 806 Concordia
279 777 539 814 praedestii‘iationis
554 781 581 805 et
596 777 675 806 liberi
691 777 798 806 arbitrii
813 778 836 805 ¹:
855 778 955 814 «Quod

113 824 231 861 praescit
254 824 342 858 Deus,
363 824 534 861 impossibile
556 828 597 852 est
622 833 675 853 non
698 824 838 861 praescire
847 835 872 852 »z
889 832 956 861 ergo

112 871 148 900 ab
170 871 389 908 aequipollenti,
412 878 523 899 necesse
546 875 587 899 est
609 871 757 907 praescire.

189 919 215 946 ⁹2.
237 917 320 951 Item,
354 917 467 946 ratione
499 918 625 952 videtur,
657 919 723 954 quia
745 926 826 947 omne
849 918 953 947 dictum

110 964 145 992 de
166 964 316 1001 praeterito
349 972 446 992 verum
478 968 520 992 est
550 965 740 993 necessarium
768 982 808 985 -—
835 965 910 993 unde
933 965 953 994 si

110 1011 250 1044 cucurrit,
272 1018 383 1039 necesse
405 1014 446 1039 est
461 1012 620 1039 cucurrisse
636 1028 674 1031 ψ
699 1012 747 1040 sed
773 1013 795 1040 si
818 1012 954 1048 praescit,

109 1058 271 1094 praescivit:
294 1065 361 1094 ergo
382 1065 446 1085 cum
469 1058 518 1086 hoc
552 1058 586 1086 sit
608 1057 712 1086 dictiun
735 1058 769 1086 de
791 1058 953 1095 praeterito,

109 1112 176 1142 ergo
197 1104 394 1133 necessarium.

188 1151 214 1180 3.
236 1152 316 1183 Item,
339 1151 402 1180 licet
428 1152 548 1188 potentia
582 1152 629 1180 Dei
662 1153 696 1180 sit
726 1153 887 1181 indifferens
919 1153 954 1181 ad

109 1198 272 1227 exeundum
294 1198 337 1226 vel
359 1206 411 1226 non
439 1199 615 1229 exeundum.
648 1202 740 1227 tamen
763 1207 799 1227 ex
821 1207 876 1236 quo
897 1199 954 1227 exi-

110 1246 148 1273 vit
179 1245 206 1273 in
235 1248 344 1273 actum.
378 1253 489 1274 necesse
517 1249 559 1274 est
590 1246 690 1274 exisse.
721 1246 796 1274 Unde
825 1246 954 1282 quamvis

108 1293 231 1329 potuerit
256 1300 352 1320 creare
384 1296 411 1320 et
439 1300 492 1320 non
525 1300 635 1326 creare.
659 1295 808 1328 antequam
832 1295 952 1326 crearet,

109 1342 199 1367 tamen
222 1347 256 1367 ex
280 1347 335 1375 quo
357 1339 476 1372 creavit.
499 1347 610 1367 necesse
626 1342 667 1367 est
683 1347 806 1367 creasse:
829 1347 895 1375 ergo
916 1347 951 1368 ex

107 1394 162 1423 quo
184 1385 347 1422 praescivit.
370 1392 481 1413 necesse
503 1389 544 1413 θεῖ
566 1385 727 1421 praescisse.

186 1433 212 1460 [ι.
235 1432 316 1466 Item.
339 1433 359 1460 si
384 1432 466 1460 bomo
489 1432 576 1460 voluit
598 1436 624 1460 et
657 1432 804 1468 praescivit
830 1433 951 1469 aliquid,

108 1487 219 1509 necesse
241 1483 301 1513 est,
327 1480 466 1507 hominem
491 1480 603 1508 scivisse
625 1484 649 1508 et
673 1479 808 1508 voluisse:
832 1488 897 1516 ergo
929 1481 951 1508 si

108 1527 180 1555 circa
202 1526 344 1554 scientiam
366 1525 414 1554 Dei
436 1534 488 1553 non
512 1529 553 1554 est
575 1526 664 1553 minor
690 1526 843 1560 certitudo,
866 1526 951 1554 immo

107 1574 211 1607 maior,
234 1581 317 1609 quam
339 1572 412 1601 circa
434 1572 577 1601 scientiam
594 1573 726 1606 hominis,
744 1573 830 1601 multo
852 1573 951 1601 fortius

107 1623 149 1648 est
169 1627 289 1648 necesse.
313 1619 346 1647 Si
367 1623 398 1647 tu
413 1619 511 1653 (liceis,
537 1619 608 1648 sicut
623 1619 707 1656 aliqui
725 1619 853 1654 dicunt?²
876 1620 950 1657 quod

107 1667 133 1695 in
157 1667 222 1695 hac:
253 1666 327 1694 Deus
356 1666 531 1702 praescivit,
564 1669 651 1694 totuin
675 1674 711 1694 ex
735 1666 828 1694 futuro
849 1671 891 1695 est
912 1674 951 1695 se-

106 1713 229 1743 cuudum
252 1721 328 1747 rem,
349 1713 477 1749 quamvis
499 1713 670 1749 intelligatur
686 1713 738 1741 snb
753 1713 859 1741 ratione
874 1721 951 1750 prae-

106 1761 195 1795 teriti,
217 1760 291 1788 unde
312 1759 381 1787 nibil
409 1759 473 1796 plus
501 1763 542 1788 est
574 1760 681 1788 dicere:
714 1760 786 1788 Deus
814 1761 949 1796 praescit.

106 1807 171 1836 nisi:
188 1807 261 1835 Deus
276 1809 333 1840 est,
355 1811 381 1835 et
403 1807 454 1835 lioc
470 1807 537 1840 erit:
553 1810 674 1834 coam-(ts
691 1810 772 1835 tunc.
794 1811 852 1835 esto
874 1808 948 1844 quod

106 1855 180 1883 Deus
202 1853 308 1882 nullam
340 1853 456 1882 haberet
484 1853 677 1890 cognitionem.
700 1854 767 1881 dum
791 1858 881 1882 tamen
904 1862 950 1883 res

106 1904 178 1929 esset
200 1901 309 1934 futura,
331 1901 398 1928 haec
421 1904 492 1928 esset
515 1908 592 1928 vera:
622 1900 696 1928 Deus
717 1900 851 1936 praescit;
874 1901 948 1937 quod

107 1948 250 1976 manifeste
278 1947 378 1975 salsum
408 1950 456 1975 est.
491 1947 665 1979 Praeterea,
698 1951 756 1975 esto
777 1947 850 1983 quod
873 1954 950 1983 prae-

106 1995 236 2024 scientiae
254 1994 376 2022 addatur
397 1998 475 2022 actus
497 1994 634 2021 transiens
656 1994 682 2021 in
706 1994 903 2029 praeteritum.
920 1997 950 2022 ut

106 2042 252 2078 promissio
265 2040 273 2053 ³
297 2041 340 2069 vel
361 2041 513 2077 praedictio
529 2041 571 2068 vel
588 2041 775 2077 prophetatio.
792 2041 828 2068 ibi
851 2041 949 2069 transit

106 2088 131 2115 in
156 2087 334 2124 praeterituri]
368 2086 489 2123 aliquid,
518 2090 545 2115 et
567 2095 632 2115 vere
653 2086 683 2114 fit
705 2086 778 2115 idem
807 2087 949 2123 sophisma

105 2137 132 2162 θῖ
153 2134 225 2162 idem
250 2134 380 2161 dubium:
404 2141 470 2170 ergo
493 2133 543 2162 boc
565 2141 618 2161 non
642 2133 731 2161 solvit.

185 2182 209 2209 5.
234 2180 315 2214 Item,
347 2180 410 2216 plus
442 2180 525 2209 distat
553 2189 612 2208 csse
640 2184 666 2208 et
687 2189 742 2208 non
766 2189 841 2214 esse,
864 2189 946 2218 quain

104 2227 303 2255 necessarimm.
326 2230 352 2255 et
380 2227 561 2264 coutinyeizs:
583 2227 630 2255 sed
653 2227 767 2263 aliquid,
789 2227 863 2263 quod
886 2227 948 2256 sim-

105 2274 213 2311 pliciter
235 2282 287 2301 non
311 2278 367 2307 est.
391 2274 473 2302 nabet
488 2282 547 2302 esse.
565 2275 589 2302 in
607 2274 653 2302 Dei
671 2275 865 2310 praescientia:
882 2283 947 2312 ergo

1016 547 1104 575 multo
1130 547 1230 575 fortius
1261 547 1387 583 aliquid,
1418 547 1491 583 quod
1524 547 1551 575 in
1573 555 1602 576 se
1624 549 1785 586 contingens
1806 554 1859 584 est.

1015 596 1105 629 potest
1120 601 1180 622 esse
1195 593 1385 621 necessarium
1399 593 1425 621 in
1442 594 1625 630 praescientia
1647 595 1707 624 Dei:
1723 604 1790 633 ergo
1809 600 1859 625 etc.

1094 641 1119 668 6.
1142 640 1218 673 Item.
1240 647 1323 667 omne
1344 639 1519 668 immutabile
1535 644 1576 668 est
1592 643 1779 671 necessarium
1790 654 1796 677 ς
1811 643 1859 672 sed

1014 694 1077 714 cuni
1100 686 1216 714 dicitur:
1240 686 1315 714 Deus
1344 686 1479 722 praescit,
1512 690 1553 715 est
1575 688 1765 718 immutabile:
1794 697 1860 727 ergo

1013 736 1054 762 θεῖ
1075 732 1272 761 necessarium.
1295 732 1386 760 Prima
1401 736 1442 761 est
1458 734 1617 768 manifesta⁷
1634 736 1756 764 secunda
1772 740 1859 773 patet,

1014 779 1079 816 quia
1111 786 1175 806 cum
1204 778 1322 806 dicitur:
1353 778 1427 807 Deus
1460 779 1595 815 praescit,
1617 781 1637 808 si
1665 785 1807 817 mutatur,
1829 787 1860 811 ut

1014 826 1061 854 fiat
1083 834 1136 854 non
1158 826 1333 862 praesciens„
1349 829 1398 854 aut
1410 826 1419 838 ⁴
1435 827 1590 855 secundum
1609 829 1790 857 mutationem
1805 830 1858 861 rez',

1013 876 1061 901 aut
1085 873 1142 901 Dei.
1166 872 1218 901 Rei
1238 881 1305 906 non,
1328 873 1393 909 quia
1415 881 1460 901 res
1482 873 1575 902 adbuc
1604 875 1672 903 niliil
1706 879 1762 905 est.
1793 884 1859 913 ergo

1013 928 1066 948 non
1089 924 1215 948 mutatur
1236 928 1284 948 nec
1309 920 1410 948 mutari
1443 923 1540 956 potest.
1574 921 1598 949 Si
1623 923 1776 950 secui‘isluni
1801 931 1859 952 mu-

1012 967 1143 995 tationem
1165 968 1230 999 sai,
1254 975 1320 1003 ergo
1343 967 1417 995 Deus
1439 971 1572 996 mutatur.

1090 1016 1114 1042 7.
1140 1015 1219 1045 Item.
1241 1021 1322 1042 omne
1344 1016 1489 1042 aeternum
1511 1018 1552 1042 θεῖ
1574 1016 1777 1051 necessarium,
1793 1018 1859 1053 quia

1011 1069 1099 1089 unuin
1123 1061 1213 1089 solum
1236 1064 1277 1089 est
1298 1063 1459 1093 aeternum.
1482 1064 1508 1089 et
1524 1061 1591 1090 illud
1615 1066 1656 1090 est
1679 1063 1703 1090 in
1727 1072 1782 1100 quo
1803 1072 1857 1092 non

1011 1107 1084 1136 cadit
1105 1108 1306 1143 contingentia„
1329 1108 1376 1136 sed
1400 1116 1510 1135 sumnia
1532 1109 1696 1143 necessitasg
1712 1110 1760 1138 sed
1772 1119 1858 1146 prae-

1010 1154 1086 1182 scire
1108 1154 1153 1183 Dei
1177 1158 1217 1183 est
1240 1158 1401 1183 aeternum:
1419 1163 1484 1191 ergo
1502 1155 1688 1184 necessarium
1705 1160 1754 1189 θεῖ,
1767 1157 1855 1185 Deum

1011 1202 1149 1238 praescire
1171 1201 1245 1238 quod
1268 1201 1395 1238 praescit.

1089 1248 1215 1275 CoNTnAt
1251 1249 1272 1275 1.
1296 1248 1396 1284 Regula
1430 1252 1488 1276 est..
1522 1249 1542 1276 si
1576 1249 1742 1277 antecedens
1768 1250 1995 1278 bonaeFundamenta.

1010 1294 1202 1323 conditionalis
1231 1298 1272 1323 est
1302 1295 1504 1329 necessarium.
1527 1299 1553 1323 et
1575 1303 1762 1332 consequensg
1785 1300 1811 1325 et
1833 1297 1854 1325 si

1010 1351 1182 1379 consequens
1205 1351 1257 1371 non
1281 1346 1321 1371 est
1343 1343 1549 1371 necessat-iani.
1579 1351 1627 1372 ner
1657 1345 1822 1373 antecedens
1836 1345 1853 1372 ⁵.

1010 1389 1060 1417 Sed
1084 1390 1226 1426 sequitur:
1250 1389 1270 1417 si
1294 1389 1369 1417 Deus
1390 1390 1528 1426 praescit.
1559 1390 1611 1418 boe
1632 1399 1692 1418 esse
1714 1391 1855 1426 futurum,

1010 1437 1060 1464 hoc
1083 1436 1154 1470 erit,
1176 1444 1354 1472 quocumque
1376 1436 1547 1473 contingenti
1570 1437 1767 1472 demonstrato2
1789 1439 1855 1475 quia

1008 1483 1167 1519 oppositum
1190 1490 1244 1510 non
1266 1485 1356 1519 potest
1388 1486 1476 1511 stare:
1508 1491 1574 1520 ergo
1597 1492 1659 1512 cuni
1683 1492 1855 1521 consequens

1008 1538 1062 1557 non
1085 1530 1119 1557 sit
1140 1529 1347 1563 necessarium⁷
1370 1537 1436 1566 ergo
1458 1538 1507 1558 net·
1530 1531 1704 1559 antecedens.

1087 1577 1113 1604 ⁹2.
1136 1576 1218 1610 Item.
1242 1576 1336 1613 regula
1360 1579 1416 1611 θεῖ,
1440 1577 1515 1613 quod
1537 1578 1724 1606 necessarium
1748 1586 1855 1615 compa-

1009 1623 1076 1651 titur
1098 1631 1127 1651 se
1149 1631 1212 1651 cum
1235 1623 1309 1651 omni
1333 1623 1465 1660 possibili.
1489 1625 1576 1652 Omne
1599 1625 1672 1653 enini
1694 1632 1854 1662 repugnans

1008 1669 1164 1698 necessario
1179 1673 1221 1697 est
1236 1669 1408 1706 impossibile
1422 1670 1447 1704 ὃς
1470 1670 1518 1698 sed
1535 1670 1724 1699 demonstrato
1745 1671 1853 1708 aliquo„

1007 1716 1053 1752 qui
1084 1716 1240 1752 praescitus
1269 1719 1310 1744 est
1342 1716 1484 1751 damnari.
1517 1718 1648 1754 possibile
1681 1720 1737 1752 est,
1769 1718 1852 1747 istum

1006 1763 1123 1790 salvari:
1140 1770 1206 1799 ergo
1222 1763 1273 1791 ista
1295 1763 1351 1791 duo
1373 1766 1490 1799 possunt
1512 1764 1596 1792 simul
1620 1767 1705 1793 stare.
1721 1766 1795 1801 quod
1819 1765 1853 1793 sit

1006 1810 1161 1846 praescitus
1183 1810 1326 1837 damnari.
1349 1814 1375 1838 et
1397 1810 1539 1845 salveturg
1569 1815 1594 1839 et
1618 1811 1668 1839 lioc
1691 1814 1732 1840 est
1754 1812 1853 1848 impos-

1007 1856 1100 1884 sibile:
1123 1864 1190 1892 ergo
1211 1860 1262 1884 etc.

1086 1902 1111 1930 3.
1135 1903 1216 1936 item2
1239 1903 1337 1939 regula
1365 1907 1421 1937 θεῖ,
1454 1904 1528 1940 quod
1561 1904 1719 1941 oppositum
1752 1905 1853 1933 contin-

1007 1950 1095 1986 gentis
1117 1952 1158 1977 est
1183 1950 1359 1986 contingens,
1392 1954 1418 1979 et
1451 1951 1609 1987 oppositum
1632 1953 1780 1980 necessarii
1811 1956 1851 1981 θεῖ

1006 1996 1185 2032 impossibile.
1211 1996 1240 2024 Et
1263 1997 1358 2033 regula
1384 1997 1490 2025 &tertam
1513 2001 1569 2027 est.
1591 1998 1665 2034 quod
1688 1999 1708 2026 si
1729 1999 1764 2026 aa
1779 2002 1853 2028 ante-

1007 2043 1108 2071 cedens
1138 2043 1264 2079 sequitur
1296 2051 1490 2080 consequens„
1514 2044 1547 2072 ad
1571 2045 1728 2081 oppositum
1762 2053 1852 2074 conse-

1006 2090 1116 2126 quentis
1147 2089 1275 2125 sequitur
1307 2090 1465 2126 oppositum
1497 2091 1713 2119 antecedentis7.
1747 2092 1785 2120 Ex
1809 2092 1871 2120 liisv

1006 2144 1094 2172 arguo
1116 2136 1169 2163 sic:
1192 2136 1227 2163 sit
1255 2137 1273 2163 A
1302 2136 1463 2173 contingens
1495 2137 1665 2173 praescitum
1687 2147 1703 2166 a
1734 2138 1805 2173 Deo.
1830 2139 1849 2167 si

1006 2183 1079 2211 Deus
1102 2183 1229 2219 praescit.
1252 2184 1268 2210 A
1292 2183 1358 2211 erit:
1382 2191 1448 2220 ergo
1464 2192 1513 2220 per
1537 2184 1661 2221 regulam
1675 2185 1696 2219 8,
1719 2186 1740 2213 si
1763 2186 1781 2213 Α
1797 2194 1850 2213 non

1005 2229 1072 2262 erit,
1095 2230 1169 2256 Deus
1198 2237 1251 2257 non
1284 2229 1412 2265 praescit.
1436 2230 1488 2258 Sed
1511 2230 1528 2257 Α
1551 2238 1605 2258 11011
1637 2238 1697 2259 θεεθ
1720 2231 1770 2259 fuit
1792 2239 1852 2260 con-

1008 2276 1117 2310 tingens
1135 2298 1140 2302 .
1177 2275 1265 2303 Deum
1298 2284 1352 2304 non
1390 2277 1541 2312 praescisse
1578 2277 1628 2305 l'uit
1668 2278 1852 2314 impossibile.;

168 2453 173 2467 ¹
192 2441 260 2475 Allata
280 2454 379 2475 Anselmi
397 2455 505 2475 sententia
524 2455 545 2475 in
564 2455 599 2476 cit.
617 2454 676 2476 libro
693 2455 774 2477 iisdem
793 2455 883 2482 verbis,
902 2456 948 2483 qui-

103 2492 148 2514 bus
165 2493 211 2519 nic,
229 2498 334 2520 expressa
354 2498 398 2514 non
416 2493 537 2515 invenitur.
556 2494 599 2515 Sed
619 2493 731 2516 liabentur
748 2494 792 2522 ibi,
814 2495 948 2522 praesertim

104 2537 126 2560 q.
145 2532 164 2553 1.
183 2538 202 2552 c.
224 2531 241 2552 1.
265 2532 285 2553 2.
308 2531 333 2558 5,
352 2532 441 2559 aliquae
458 2523 626 2559 propositiones
644 2532 761 2561 docentes7
779 2533 853 2555 Deum
873 2534 947 2555 sutura

103 2571 216 2598 praescire
234 2573 256 2592 et
272 2570 365 2599 quiden]
384 2570 556 2593 immutabiliter
567 2572 588 2593 in
601 2572 741 2599 aetei·iiitate;
754 2578 779 2594 ex
793 2572 878 2600 quibus
890 2573 948 2594 lianc

104 2610 237 2632 sententiani
256 2610 376 2631 formatam
394 2615 459 2637 esse,
477 2610 601 2632 verisimile
619 2613 659 2632 est.

166 2648 174 2661 2
194 2648 250 2669 Vide
268 2648 303 2670 liic
320 2648 341 2669 in
360 2654 422 2675 corp.
441 2652 528 2676 quaest.
890 2677 895 2682 ι

164 2685 174 2701 ³
192 2686 231 2708 Ed.
253 2687 258 2707 l
279 2685 410 2715 praevisio‚·
428 2687 449 2708 in
469 2693 531 2714 corp.
550 2690 636 2715 quaest.
656 2689 748 2715 ponitur
765 2687 899 2710 credulitas.

164 2724 173 2738 ⁴
192 2725 241 2746 Vat.
259 2725 363 2753 adiungit
380 2725 423 2748 hoc
440 2725 489 2747 erit.
510 2726 577 2748 Paulo
595 2727 702 2754 superius
719 2726 797 2749 verbis
814 2728 848 2749 est
864 2727 947 2749 ininiu—

103 2763 171 2786 tabita
188 2764 238 2785 eod.
253 2764 271 2785 V
285 2764 390 2792 praefigit
405 2765 532 2793 praescire.
547 2766 615 2787 Paulo
628 2767 722 2788 inferius
734 2766 784 2788 Vat.
794 2766 836 2789 Dei
848 2773 890 2794 pro
902 2766 945 2789 siti.

165 2802 174 2817 5
190 2802 250 2824 Ilaec
267 2803 346 2830 regula
365 2806 476 2831 quantuni
494 2804 523 2826 ad
535 2804 650 2831 simplices
662 2805 809 2833 syllogismos
820 2806 947 2828 insinuatur

103 2841 131 2863 al·
145 2842 243 2868 Ariston,
257 2841 269 2862 1.
283 2841 353 2863 Prior.
366 2848 385 2863 c.
399 2842 419 2863 8.
432 2848 496 2870 seqq.
509 2846 530 2865 et
543 2842 660 2865 ἀοι-11111111
676 2850 703 2865 ex
721 2844 757 2865 illo
775 2845 875 2871 generali
887 2846 946 2872 prin-

103 2880 162 2907 ‹·1pio
179 2880 282 2907 Ariston,
302 2880 323 2901 ΙΙ.
343 2881 412 2902 Prior.
430 2887 448 2902 (·,
467 2882 495 2902 2:
514 2881 543 2903 Ex
561 2882 622 2903 veris
640 2888 683 2903 non
702 2887 733 2904 cst
752 2883 833 2904 salsum
857 2883 946 2911 syllogi-

103 2924 167 2941 zare:
186 2919 248 2946 quod
267 2920 368 2941 innuitur
386 2920 398 2941 1,
419 2920 501 2941 poster.
521 2926 539 2941 c.
558 2920 586 2942 6:
605 2920 662 2942 Cum
689 2925 764 2943 autem
792 2921 894 2943 inedium
920 2929 945 2944 cx

1006 2456 1137 2477 necessitate
1155 2459 1199 2482 cst,
1217 2458 1238 2477 et
1256 2456 1372 2477 conclusio
1390 2463 1416 2477 m
1435 2457 1579 2483 necessitate,
1596 2458 1654 2480 sicut
1677 2464 1703 2479 ex
1726 2459 1787 2480 veris
1812 2464 1852 2480 xe>

1005 2501 1068 2523 rum,
1087 2499 1118 2516 est
1132 2501 1230 2522 svinlwr.
1242 2506 1274 2510 —
1286 2495 1328 2516 l'ro
1341 2494 1414 2517 bourie
1426 2495 1590 2518 conditionalis
1607 2497 1655 2518 Vat.
1668 2502 1720 2518 cura
1733 2496 1786 2519 edd.
1800 2496 1823 2524 t,
1837 2497 1850 2519 5

1005 2532 1078 2556 bonae.
1096 2532 1279 2562 consequentiae.

1067 2571 1076 2586 ⁶
1094 2572 1137 2594 Ct'r.
1157 2572 1185 2593 de
1203 2573 1244 2593 liae
1262 2575 1281 2593 cl
1300 2573 1403 2600 sequenti
1416 2573 1496 2600 regula
1508 2574 1611 2602 Aristot.y
1624 2574 1646 2596 ΙΙ.
1661 2574 1784 2597 Perilierm.
1796 2581 1815 2597 e.
1829 2575 1849 2597 3.

1005 2612 1033 2636 (c.
1057 2611 1088 2632 1⁶2.
1106 2614 1176 2638 seq.),
1196 2610 1233 2632 nbi
1253 2610 1280 2632 dc
1298 2612 1466 2639 consequentiis
1478 2615 1500 2634 et
1512 2614 1655 2640 oppositione
1667 2614 1849 2641 propositionum

1005 2649 1131 2670 modalium
1149 2649 1234 2676 agitur,
1254 2653 1275 2671 et
1292 2650 1305 2671 l.
1324 2650 1393 2672 Prior.
1412 2656 1430 2672 c.
1453 2651 1485 2672 12.

1066 2688 1075 2702 7
1092 2688 1152 2710 Haec
1170 2689 1247 2716 regula
1268 2688 1363 2711 liabetur
1381 2690 1394 2711 1.
1415 2690 1483 2711 Prior.
1502 2696 1551 2718 cap.
1570 2691 1620 2714 ult..
1643 2691 1682 2713 ubi
1700 2691 1850 2719 Philosophus

1004 2727 1032 2749 de
1051 2728 1233 2754 propositioinnn
1252 2728 1390 2755 simplicium
1409 2732 1430 2750 et
1447 2730 1625 2756 privatoriarum
1649 2730 1728 2752 ordine
1754 2736 1780 2752 ac
1797 2737 1850 2753 con-

1004 2767 1128 2794 sequentiis
1153 2772 1223 2793 agens
1252 2767 1292 2788 ait:
1322 2767 1458 2794 Simpliciter
1481 2771 1573 2795 antem,
1596 2768 1688 2797 quando
1713 2770 1744 2791 sic
1765 2775 1788 2791 se
1813 2770 1849 2791 ba-

1004 2805 1055 2827 bent
1075 2809 1116 2827 etc.
1129 2817 1160 2820 —
1172 2805 1193 2826 ln
1208 2805 1283 2827 multis
1301 2805 1367 2827 codd.
1380 2810 1399 2828 ct
1413 2806 1448 2828 ed.
1466 2807 1471 2828 1
1488 2807 1581 2835 legitur,
1595 2807 1674 2829 ordine
1687 2809 1789 2836 inverso,
1803 2810 1848 2830 sic:

1003 2844 1035 2867 od
1051 2844 1184 2873 oppositum
1201 2844 1355 2867 antecedentis
1372 2845 1480 2874 seqnitur
1496 2846 1628 2875 oppositum
1646 2847 1813 2876 rou-sequentis.

1065 2882 1075 2896 ⁸
1093 2883 1195 2904 §vitis-vt:
1214 2890 1273 2911 «luae
1291 2885 1327 2905 liic
1345 2885 1424 2906 ultimo
1443 2886 1542 2912 ponitur.
