2215 3404
0 189 6 219 l

689 194 772 221 DIST.
795 193 883 221 xxxi.
905 194 932 221 P.
955 193 983 221 ΙΙ.
1005 193 1077 221 ART.
1098 193 1116 221 Ι.
1139 194 1273 230 QUAEST.
1295 194 1324 222 ΙΙ.
1815 198 1866 226 541

0 262 34 302 vuia.
46 281 121 300 solutio.
131 273 260 311 exprimi.
278 290 314 293 —
328 273 377 302 Vel
398 275 489 309 potest
510 272 579 305 dici,
601 271 675 309 quod
697 271 766 299 illud
789 278 887 299 verum
917 273 973 305 est,

0 375 3 424 'z

0 426 3 483 ἕ

131 320 243 358 quando
263 320 354 356 imago
375 319 594 347 substantialiter
616 318 716 347 differt.
746 318 823 346 Tunc
843 317 916 345 enim
938 318 974 346 ad

131 368 199 401 hoc,
220 367 295 404 quod
323 373 457 403 expresse
484 365 642 402 exprimat,
664 372 777 393 necesse
805 367 845 392 est
871 364 974 392 imitari

1031 270 1058 298 in
1089 271 1293 300 conditionibus
1323 272 1557 309 consequentibus
1589 273 1771 302 substantiam
1781 286 1787 308 3
1823 275 1871 303 sed

1031 325 1096 346 cum
1131 318 1256 346 imitatur
1287 318 1314 346 in
1348 319 1446 347 eadem
1476 319 1564 347 forma
1597 320 1785 357 substantiae,
1817 329 1872 350 non

1032 366 1148 400 oportet.

871 499 1130 536 SCHOLION.

193 638 208 660 l.
224 638 257 659 De
274 637 471 665 creata-imagine
486 636 527 658 Dei
545 638 621 658 actum
638 638 672 658 est
688 641 759 663 supra
776 634 799 657 d.
817 634 838 656 3.
850 640 873 662 p.
892 634 907 656 l.
919 640 941 662 q.
954 635 976 656 2.

132 677 154 699 in
171 677 223 705 line,
241 679 263 699 et
279 682 301 704 p.
320 676 343 698 11.
362 682 382 698 a.
402 676 421 698 l.
440 676 468 703 2,
485 678 508 697 et
525 675 630 697 diffusius
647 677 729 702 agetur
740 674 763 696 11.
776 674 838 695 Sent.
852 673 873 695 d.
887 673 976 696 1161110

131 720 188 737 vero
204 716 312 737 tractatur
328 714 357 736 de
374 714 474 741 imagine
490 712 603 740 increata,
623 719 682 742 quae
699 714 733 734 est
755 718 838 734 nomen
855 712 976 740 proprium

134 753 190 775 Filii.
206 764 238 769 —
254 753 330 774 Primo
348 752 455 774 definitur
472 755 494 774 et
510 752 635 780 explicatur
652 756 735 773 nomen
760 749 839 779 imago
860 750 882 771 in
908 756 977 772 sensu

132 791 242 821 proprio,
262 791 345 814 deinde
369 791 431 814 idem
456 797 540 813 nornen
565 792 587 813 in
612 796 681 813 sensu
705 789 835 818 improprio
858 789 881 815 (α
894 789 977 811 contin-

132 830 166 858 gIt
181 829 243 852 abuti
260 830 360 858 imagine
373 830 404 859 n),
422 832 535 859 quatenus
547 832 580 852 est
597 830 674 856 imago
686 826 822 857 imaginans
833 828 882 849 sive
894 827 977 849 faciens

132 868 257 896 imaginem
275 868 324 896 (cfr.
342 868 364 890 ΙΙ.
383 868 443 890 Sent.
470 868 492 890 d.
519 868 554 889 116.
581 867 636 889 dub.
655 866 694 895 3.).
711 877 743 882 —
759 866 782 887 ln
808 865 852 887 fine
874 870 978 892 respons.

134 910 215 929 auctor
231 907 357 935 concludit,
376 907 439 935 quod
450 906 542 936 imago,
557 907 579 928 in
591 911 741 934 quocumque
752 910 821 926 sensu
834 904 979 932 intelligatur,

133 952 226 973 semper
246 946 341 968 includit
357 947 504 975 respectam,
524 947 546 967 et
563 944 657 973 quidem
674 945 696 966 in
714 945 763 971 ipso
780 944 827 965 Deo
847 947 978 971 respectum

133 983 263 1005 secundum
280 984 413 1006 relationem
429 983 592 1013 personalem,
611 984 629 1005 si
646 983 779 1010 intelligitur
796 983 817 1003 in
835 988 904 1004 sensu
925 987 979 1009 pro-

133 1022 192 1049 prio.
209 1034 241 1038 —
257 1022 288 1043 Ex
305 1023 348 1044 hac
372 1025 460 1051 quaest.
478 1025 500 1044 et
517 1021 571 1044 dub.
591 1023 611 1044 2.
630 1022 651 1043 3.
676 1021 772 1049 aliisque
797 1021 853 1042 locis
874 1021 977 1048 eruitur,

133 1060 264 1082 secundum
281 1064 381 1083 mentem
399 1061 421 1083 S.
439 1061 613 1083 Bonaventurae
630 1061 671 1083 tria
694 1060 780 1088 requiri
802 1059 832 1081 ad
854 1059 979 1087 perfectam

134 1099 241 1126 imaginis
257 1100 376 1128 rationem,
390 1101 436 1123 scil.
455 1104 479 1123 ut
495 1100 582 1129 aliquid
599 1101 628 1122 sit
643 1098 720 1122 simile
732 1100 759 1127 ei,
772 1098 836 1127 quod
847 1105 978 1126 repraesen-

139 1139 176 1166 tat,
193 1138 230 1160 vel
247 1139 333 1167 specie,
351 1139 387 1161 vel
405 1139 484 1161 saltem
502 1140 523 1161 in
541 1140 607 1167 signo
624 1139 709 1167 speciei
725 1150 757 1154 —
773 1141 798 1160 ut
814 1137 868 1159 illud
881 1138 977 1160 alterum

132 1175 238 1198 imitetur
259 1178 281 1199 et
305 1177 426 1206 exprimat
442 1178 528 1206 (unde,
547 1178 665 1200 deficiente
682 1178 724 1199 hac
746 1176 888 1204 conditione,
906 1182 977 1198 ovum

133 1221 178 1237 non
196 1217 230 1237 est
245 1216 323 1243 imago
341 1217 390 1245 ovi,
409 1220 434 1239 ut
450 1217 504 1240 dicit
520 1217 542 1239 S.
561 1217 665 1245 August.5
684 1216 712 1237 83
730 1216 860 1243 Quaestion.
884 1221 905 1243 q.
929 1214 976 1243 74.)

132 1267 164 1271 —
180 1256 206 1277 ut
221 1255 299 1283 imago
315 1255 437 1285 referatur
454 1257 482 1279 ad
500 1257 652 1284 imaginatum
669 1258 694 1278 ut
705 1255 734 1277 ad
743 1261 812 1277 suum
824 1255 978 1284 prototypum

1032 635 1122 658 realiter
1139 635 1168 657 ab
1185 635 1236 663 ipso
1254 635 1392 657 distinctum.
1409 635 1463 657 Aliis
1480 635 1558 658 verbis
1574 635 1636 658 idem
1654 636 1721 659 docet
1745 637 1767 659 S.
1785 637 1875 664 Thom.,

1033 674 1047 696 1.
1065 675 1125 696 Sent.
1144 674 1166 696 d.
1184 674 1221 696 28.
1240 680 1261 702 q.
1275 675 1295 696 2.
1314 680 1333 696 a.
1353 674 1378 702 1ς
1396 674 1418 696 S.
1436 674 1450 696 1.
1468 680 1490 703 q.
1508 674 1545 695 35.
1563 681 1582 696 a.
1602 675 1622 696 1.

1096 712 1119 734 ll.
1138 712 1205 740 Quod
1222 711 1301 742 inmqo
1318 715 1340 734 et
1357 712 1484 734 secundum
1502 712 1634 734 relationem
1656 713 1759 742 dicatur,
1781 717 1803 736 et
1817 722 1827 734 ιι
1844 720 1877 737 se-

1034 751 1137 773 cundum
1154 751 1262 773 vocabuli
1278 750 1447 781 proprietatem
1459 760 1480 779 »,
1498 754 1520 773 et
1542 752 1605 780 quod
1628 752 1675 774 Filii
1700 754 1728 775 sit
1752 753 1877 782 proprium

1034 796 1117 812 nomen
1136 790 1167 818 (q.
1185 790 1251 819 seq.),
1268 791 1327 812 inter
1345 790 1449 812 doctores
1466 790 1557 812 Latinos
1573 792 1607 812 est
1624 792 1732 813 sententia
1749 793 1878 815 communis

1034 831 1111 850 contra
1129 834 1226 856 paucos,
1244 829 1302 850 inter
1314 834 1373 857 quos
1390 828 1513 850 Durandus
1526 829 1549 853 (l.
1570 829 1630 851 Sent.
1649 829 1670 851 d.
1688 830 1723 851 28.
1743 836 1764 858 q.
1782 830 1820 858 3.),
1838 832 1878 859 qui

1034 868 1092 889 sicut
1103 866 1132 889 de
1144 866 1214 889 verbo
1228 868 1278 895 (cfr.
1290 874 1359 895 supra
1373 867 1394 889 d.
1407 867 1444 889 27.
1458 874 1479 895 p.
1493 868 1514 889 11.
1528 874 1549 896 q.
1562 869 1599 897 1.),
1612 869 1640 890 ita
1651 868 1679 890 de
1690 869 1792 898 imayz'ne
1804 869 1876 898 docet,

1034 906 1098 935 quod
1113 914 1123 925 α
1136 912 1181 928 non
1199 907 1320 928 conveniat
1335 905 1431 935 proprie
1454 906 1552 934 divinis,
1570 909 1639 934 prout
1655 910 1731 929 tamen
1756 909 1876 935 convenit,

1035 943 1118 966 dicitur
1135 944 1298 972 personaliter,
1316 947 1338 966 et
1355 950 1399 966 non
1417 945 1596 967 essentialiter».

1097 982 1129 1004 111.
1146 983 1207 1004 Alex.
1226 983 1282 1011 Hah,
1300 983 1322 1004 S.
1340 989 1363 1011 p.
1381 983 1395 1004 1.
1414 990 1435 1011 q.
1454 983 1490 1005 61.
1509 989 1538 1005 m.
1562 984 1578 1005 1.
1597 984 1617 1005 2.
1635 996 1666 1000 —
1683 985 1704 1006 S.
1723 985 1879 1013 Thom.,locis

1034 1022 1079 1044 citt.
1095 1033 1127 1038 —
1144 1022 1167 1043 B.
1185 1021 1277 1049 Albert.⁷
1295 1021 1324 1044 de
1342 1023 1384 1044 hac
1401 1024 1423 1044 et
1439 1028 1486 1051 seq.
1506 1028 1527 1050 q.
1555 1023 1567 1044 1.
1587 1023 1647 1045 Sent.
1666 1023 1687 1045 d.
1706 1024 1742 1045 28.
1764 1030 1784 1045 a.
1810 1024 1839 1052 93
1856 1024 1878 1046 S.

1034 1066 1056 1088 p.
1075 1060 1088 1082 1.
1107 1063 1133 1082 tr.
1153 1061 1173 1082 8.
1191 1067 1213 1089 q.
1232 1060 1268 1082 35.
1287 1066 1317 1083 m.
1336 1061 1400 1083 2.-
1412 1061 1470 1083 Petr.
1488 1067 1500 1083 a
1518 1061 1579 1089 Tar„
1598 1062 1611 1083 Ι.
1634 1062 1694 1084 Sent.
1717 1062 1738 1084 d.
1756 1063 1793 1084 28.
1817 1069 1838 1091 q.
1857 1063 1877 1084 3.

1034 1105 1053 1121 a.
1073 1100 1134 1121 1.-
1145 1099 1252 1121 Ricliard.
1270 1106 1282 1121 a
1294 1099 1360 1128 Med„
1373 1100 1388 1122 l.
1401 1100 1461 1122 Sent.
1480 1100 1501 1122 d.
1514 1101 1551 1122 28.
1569 1107 1588 1122 a.
1602 1100 1622 1122 3.
1641 1107 1662 1129 q.
1682 1101 1742 1122 1.-
1752 1101 1826 1129 AEgid.
1844 1101 1878 1129 R..

1034 1138 1047 1160 1.
1061 1139 1121 1160 Sent.
1140 1138 1161 1160 d.
1180 1139 1216 1160 28.
1235 1139 1307 1166 princ.
1326 1140 1347 1160 2.
1366 1145 1387 1167 q.
1406 1140 1426 1161 2.
1444 1151 1476 1155 —
1492 1140 1560 1161 Henr⁴
1577 1140 1657 1167 (1011ῑίἾ
1676 1140 1697 1162 S.
1716 1146 1735 1161 a.
1754 1140 1791 1162 68.
1809 1146 1831 1168 q.
1858 1141 1878 1162 2.

1033 1183 1055 1199 n.
1074 1178 1110 1199 21.
1129 1183 1194 1206 seqq.
1211 1189 1243 1193 —
1259 1178 1369 1206 Durand.‚
1387 1178 1429 1200 loc.
1447 1179 1483 1200 cit.
1500 1190 1532 1194 —
1548 1178 1640 1206 Dionys.
1658 1177 1741 1206 Carth.5
1760 1179 1788 1201 de
1805 1179 1847 1201 hac
1858 1181 1880 1201 et

1033 1222 1081 1245 seq.
1100 1222 1121 1245 q.
1140 1216 1154 1238 1.
1172 1216 1233 1239 Sent.
1252 1217 1274 1239 d.
1292 1218 1328 1239 28.
1347 1224 1368 1246 q.
1387 1217 1407 1239 4.

884 1378 1064 1415 -Qiuasno
1089 1378 1118 1406 11.

584 1488 689 1516 Utrum
710 1487 808 1525 imctyo
827 1488 858 1516 in
879 1487 988 1516 divinis
1006 1487 1128 1524 proprie
1149 1488 1183 1516 de
1203 1487 1280 1515 Filio
1301 1488 1429 1516 (ticath

213 1617 338 1646 Secundo
357 1617 515 1654 quaeritur,
536 1619 632 1645 utrum
656 1617 754 1655 imago
769 1618 804 1647 sit
820 1619 981 1655 proprium

135 1664 202 1692 Filii.
224 1664 255 1692 Et
276 1664 351 1701 quod
372 1664 426 1698 sic,
448 1664 571 1692 videtur:

215 1712 239 1739 1.
261 1711 311 1740 Per
332 1710 488 1739 Hilarium1
517 1711 543 1739 in
565 1711 707 1747 proposita
734 1711 979 1748 appropriatione:

0 1756 154 1788 inuitamenta«
167 1757 320 1787 Aeternitas
341 1758 369 1785 in
389 1758 494 1791 Patre,
517 1757 623 1794 specIes
645 1757 670 1785 in
693 1758 839 1795 lmaqz'ne,
861 1766 931 1786 usus
953 1758 980 1786 in

135 1804 293 1832 Munere».
316 1804 395 1832 Pater
416 1803 519 1832 dieitur
547 1804 675 1840 proprie,
704 1803 831 1832 srniliter
853 1804 980 1832 Munus:

135 1858 201 1887 ergo
223 1850 244 1879 si
276 1853 351 1879 recte
379 1853 538 1887 ponuntur,
569 1858 605 1878 ex
637 1858 726 1887 aequo
754 1851 856 1888 Imago
878 1851 981 1879 dicitur

135 1898 247 1934 proprie
266 1898 300 1926 de
316 1897 390 1925 Filio.

215 1945 241 1972 2.
263 1944 343 1977 Item,
358 1943 528 1980 Augustinus
543 1946 623 1972 sexto
639 1943 673 1972 de
688 1944 821 1972 Trinitate
833 1943 855 1972 2:
877 1944 981 1972 «Solus

135 1990 219 2019 Filius
240 1993 281 2019 est
302 1990 393 2026 imago
415 1989 545 2023 Patris»,
572 1993 599 2018 et
613 1990 791 2026 expressius:
814 1990 877 2018 «Eo
893 1990 980 2024 filius,

136 2046 192 2074 quo
213 2037 304 2073 imago
325 2040 352 2065 et
373 2036 491 2065 verbum
506 2046 539 2063 »:
562 2044 628 2073 ergo
650 2037 805 2065 secundum
821 2037 888 2071 hoc,
916 2045 981 2065 cum

135 2083 211 2111 filius
233 2083 306 2111 dicat
326 2082 501 2119 personalem
523 2083 698 2116 relationem,
719 2085 794 2119 patet
815 2086 865 2111 etc.

216 2129 241 2158 3.
264 2129 344 2163 item,
373 2129 471 2166 imayo
492 2132 533 2158 est
561 2129 715 2158 similitudo
736 2137 871 2166 expressa
899 2132 926 2158 et
954 2130 981 2157 in

137 2176 238 2205 divinis
269 2176 422 2204 similitudo
456 2176 713 2212 expressIssinia³;
745 2177 793 2205 sed
828 2176 982 2205 similitudo

137 2222 352 2260 expressissima
372 2231 427 2251 non
448 2225 539 2260 potest
553 2231 613 2251 esse
627 2223 752 2259 plurium
772 2223 982 2252 distinctorum:

138 2270 161 2298 si
176 2277 242 2306 ergo
262 2269 346 2298 Filius
361 2272 403 2298 est
422 2270 458 2298 ab
472 2278 540 2305 uno,
562 2270 681 2307 Spiritus
696 2273 808 2299 sanetus
829 2269 982 2307 aequaliter

138 2324 154 2344 a.
174 2316 297 2350 duobus,
317 2324 383 2353 ergo
404 2324 459 2345 non
480 2317 581 2353 poterit
602 2324 662 2345 esse
684 2317 791 2354 z‘maqo.

216 2363 243 2390 li.
265 2362 344 2397 Item,
366 2363 464 2400 tmayo
480 2363 507 2391 in
529 2363 631 2392 divinis
652 2363 805 2392 attenditur
826 2363 982 2391 secuudum

138 2409 319 2438 imitationem
341 2418 487 2446 personae,
509 2418 563 2438 non
585 2411 733 2445 essentiae,
755 2410 820 2447 quia
833 2410 841 2424 ⁴
865 2418 920 2439 non
942 2413 984 2439 est

1038 1618 1129 1655 imago
1150 1619 1300 1653 essentiae,
1322 1620 1370 1648 sed
1392 1628 1543 1656 personae:
1566 1628 1632 1657 ergo
1654 1621 1689 1649 ad
1715 1621 1785 1655 hoo,
1807 1622 1880 1658 quod

1037 1674 1093 1694 una
1114 1674 1233 1703 persona.
1264 1667 1299 1695 sit
1320 1667 1411 1703 imago
1432 1667 1560 1701 alterius,
1588 1675 1701 1696 necesse
1732 1671 1786 1702 est,
1807 1668 1883 1705 quod

1038 1712 1113 1740 illam
1129 1713 1254 1742 imitetur
1276 1714 1303 1741 in
1318 1721 1351 1742 eo
1371 1713 1447 1750 quod
1469 1714 1582 1750 respicit
1602 1722 1749 1750 personam
1772 1717 1803 1743 ut
1824 1722 1884 1751 per—

1037 1767 1149 1794 sonam,
1171 1761 1220 1789 sed
1248 1760 1386 1789 emanatio
1406 1760 1450 1789 vel
1478 1761 1624 1797 productio
1646 1769 1780 1797 personae
1800 1762 1885 1798 respi-

1038 1806 1074 1833 cit
1094 1814 1240 1842 personam
1263 1811 1293 1835 ut
1315 1814 1483 1844 personam3
1511 1815 1575 1835 nam
1603 1807 1750 1844 productio
1777 1811 1883 1836 creatu-

1038 1861 1085 1881 rae
1120 1854 1232 1890 respicit
1263 1854 1458 1882 substantiam.
1491 1854 1559 1882 Cum
1594 1862 1661 1891 ergo
1692 1854 1767 1882 solus
1798 1855 1882 1883 Filius

1039 1900 1161 1928 imitetur
1186 1900 1293 1929 Patrem
1316 1901 1344 1928 in
1368 1900 1552 1937 productione
1573 1908 1722 1937 personae,
1747 1901 1823 1929 solus
1845 1901 1883 1929 Fi-

1038 1946 1092 1974 lius
1113 1949 1154 1974 est
1175 1946 1282 1983 imago.

1116 1993 1243 2021 CONTRA:
1268 1994 1291 2021 1.
1307 1993 1496 2022 Damascenus
1509 1993 1517 2006 ⁵
1540 1993 1618 2027 dicit,
1633 1994 1707 2030 quod
1735 2005 1748 2019 a
1762 1994 1881 2031 Spiritus
1893 2000 2010 2042 Adtgffosi-

1038 2042 1149 2067 sanctus
1161 2042 1202 2067 est
1216 2039 1307 2076 imago
1319 2039 1376 2067 Filii
1388 2050 1417 2067 n:
1433 2047 1500 2076 ergo
1514 2048 1568 2067 non
1583 2043 1624 2068 est
1648 2040 1705 2068 Filii
1723 2041 1880 2077 proprium
1970 2038 1972 2041 '

1037 2093 1098 2113 csse
1119 2085 1277 2122 imaginem.

1116 2133 1142 2160 ⁹2.
1163 2132 1246 2166 Item,
1262 2132 1314 2161 boc
1328 2132 1440 2161 videtur
1455 2140 1505 2169 per
1519 2135 1669 2170 utramque
1688 2132 1882 2170 definitionem

1039 2178 1132 2206 Hilarii
1148 2178 1164 2205 ⁶.
1195 2179 1225 2207 Et
1250 2179 1354 2215 prima
1374 2182 1429 2207 est:
1465 2190 1478 2205 «
1491 2179 1584 2216 Imago
1611 2183 1654 2208 est
1681 2180 1741 2208 eius
1770 2180 1824 2214 rei,
1846 2180 1881 2208 ad

1038 2232 1123 2261 quani
1138 2224 1318 2261 imaginatur,
1340 2225 1446 2262 species
1467 2225 1628 2254 indifferens
1639 2237 1671 2260 ”3
1692 2226 1740 2254 sed
1755 2226 1807 2254 hoc
1822 2234 1883 2255 con-

1039 2271 1113 2299 venit
1141 2272 1254 2308 Spiritui
1284 2275 1390 2301 sancto:
1412 2280 1479 2309 ergo
1499 2275 1526 2301 et
1554 2273 1652 2309 imago.
1675 2273 1801 2302 Secunda
1825 2276 1880 2302 est:

1044 2328 1057 2343 (t
1071 2318 1163 2355 Imago
1184 2321 1225 2347 est
1247 2319 1287 2347 rei
1308 2318 1343 2347 ad
1369 2327 1427 2347 rem
1450 2320 1658 2356 coaequandam
1684 2320 1832 2356 imaginata
1856 2322 1882 2348 et

1038 2365 1188 2394 indiscreta
1218 2366 1372 2394 similitudo
1386 2376 1420 2400 »3
1452 2366 1500 2395 sed
1532 2366 1583 2395 hoc
1612 2366 1739 2395 convenit
1769 2366 1882 2403 Spiritui

1038 2414 1146 2440 saneto:
1169 2420 1235 2449 ergo
1256 2416 1307 2441 etc.

203 2600 210 2614 ¹
228 2600 278 2623 Lib.
295 2601 318 2623 11,
337 2601 365 2623 (10
382 2601 446 2623 Trin.
464 2608 485 2623 n.
507 2602 530 2629 1,
548 2601 587 2624 uhi
610 2603 632 2623 in
650 2603 755 2630 originali
780 2604 812 2625 sic
837 2603 921 2631 legitur
938 2609 943 2626 ι
960 2604 983 2625 111

140 2639 229 2661 Patre...
246 2639 344 2661 infinitas
361 2640 383 2661 in
401 2642 507 2667 aeterne,
525 2641 615 2668 species
631 2644 673 2663 etc.
691 2641 750 2664 Vide
767 2642 804 2664 1110
828 2642 858 2664 lit.
876 2643 983 2670 Magistri,

141 2683 161 2699 c.
179 2678 204 2705 2,
222 2677 261 2700 ubi
279 2680 301 2699 et
317 2678 374 2700 haec
390 2680 537 2706 appropriata
555 2682 708 2707 exponuntur.

204 2716 213 2730 ‘³
230 2716 285 2744 Cap.
303 2718 324 2739 2.
342 2723 364 2739 n.
383 2717 403 2739 3.
420 2729 452 2733 —
469 2718 553 2740 Toxtus
570 2718 714 2747 subsequens
739 2719 836 2742 habetur
860 2720 915 2742 ibid.
933 2720 983 2742 libr.

142 2755 186 2777 Vll.
204 2761 223 2777 c.
241 2756 261 2777 2.
280 2761 301 2777 n.
320 2756 348 2778 3:
367 2756 397 2778 Eo
415 2757 501 2785 quippe
518 2757 587 2779 Filius
604 2763 649 2785 quo
669 2757 786 2786 Verbum,
804 2761 827 2780 et
841 2765 868 2781 eo
881 2759 983 2781 Verbum

142 2800 189 2822 quo
206 2794 297 2816 Filius...
314 2795 339 2816 Et
356 2796 412 2817 haec
430 2795 476 2817 duo
494 2802 547 2817 cum
565 2796 683 2824 dicuntur,
701 2796 723 2818 id
741 2799 775 2819 est
791 2798 847 2819 natu
860 2797 981 2826 sapientia,

142 2833 164 2854 in
181 2839 227 2854 uno
244 2839 332 2861 eorum⁷
351 2840 377 2855 eo
395 2834 458 2862 quod
476 2837 510 2856 est
525 2835 593 2861 itala.
611 2837 633 2857 et
650 2835 749 2857 verbum
765 2838 787 2858 et
803 2837 880 2864 imago
892 2839 914 2858 et
926 2836 985 2858 filius

142 2871 286 2900 intelligatur,
299 2874 320 2894 et
331 2873 353 2894 in
365 2873 400 2894 his
412 2872 520 2895 omnibus
531 2873 663 2896 nominibus
674 2880 719 2896 non
732 2875 864 2897 ostendatur
880 2876 984 2903 essentia,

143 2911 196 2937 quia
213 2911 307 2932 relative
324 2911 430 2933 dicuntur
442 2915 483 2934 ctc.
496 2911 540 2934 Csr.
552 2918 622 2939 supra
635 2912 656 2934 d.
670 2913 760 2935 XXVII.
774 2919 792 2935 0.
803 2913 823 2935 4.
837 2914 895 2935 circa
908 2914 984 2935 tinem.

205 2948 214 2963 3
231 2948 275 2971 Csr.
293 2950 400 2978 August,
418 2950 468 2972 libr.
487 2951 515 2972 83
534 2951 576 2979 Qq.
602 2958 624 2980 q.
650 2951 687 2973 74..
711 2952 833 2980 Quomodo
859 2953 985 2980 propositio

1039 2604 1170 2627 immediate
1187 2610 1286 2632 sequens
1302 2604 1447 2632 intelligenda
1466 2605 1505 2631 sit⁷
1524 2604 1648 2631 explicatur
1665 2604 1685 2625 in
1712 2609 1774 2631 corp.
1793 2606 1880 2632 quaest.

1039 2655 1070 2659 -
1087 2643 1165 2665 Plures
1182 2643 1249 2664 codd.
1268 2645 1291 2665 ut
1308 2642 1424 2664 AHILM
1436 2642 1453 2664 O
1471 2642 1499 2670 (Q
1517 2642 1534 2664 T
1560 2643 1582 2663 jn
1605 2642 1689 2670 marg.)
1707 2642 1722 2663 Z
1740 2647 1793 2664 curn
1810 2641 1846 2663 ed.
1866 2642 1873 2663 ll

1040 2684 1092 2709 post
1104 2682 1181 2710 potest
1197 2687 1245 2703 esse
1262 2682 1398 2703 interserunt
1415 2680 1480 2709 nist;
1497 2681 1615 2702 mendose..

1101 2719 1110 2733 ⁴
1128 2720 1177 2741 Vat.
1195 2719 1258 2741 addit
1273 2725 1382 2748 persona.

1103 2758 1112 2773 5
1128 2758 1187 2780 Libr.
1207 2758 1220 2780 1.
1239 2758 1267 2780 de
1284 2758 1338 2780 Fide
1355 2758 1444 2780 orthod.
1462 2764 1481 2780 c.
1501 2758 1544 2780 sl3:
1567 2758 1643 2785 imago
1667 2758 1737 2779 Patris
1758 2760 1792 2779 est
1812 2757 1881 2779 Filius

1039 2804 1065 2820 ac
1084 2798 1130 2819 Filii
1147 2798 1252 2825 Spiritus.

1101 2835 1110 2850 6
1128 2835 1188 2857 Libr.
1206 2835 1235 2857 de
1252 2835 1338 2862 Synod.
1357 2842 1378 2857 n.
1397 2836 1433 2857 Ἰ13.
1450 2835 1508 2857 Vide
1526 2835 1562 2856 hic
1586 2835 1616 2857 lit.
1634 2834 1741 2862 Magistri,
1763 2840 1782 2856 c.
1805 2835 1825 2856 2.
1843 2834 1880 2856 Se-

1040 2875 1139 2897 cundam
1157 2873 1323 2901 definitionem,
1341 2880 1353 2895 a
1366 2873 1416 2895 Vat.
1428 2876 1449 2895 01
1462 2874 1566 2901 plurimis
1578 2872 1645 2895 codd.
1658 2878 1699 2894 1100
1711 2878 1755 2894 non
1768 2872 1797 2894 ab
1809 2872 1844 2894 cd.
1870 2873 1874 2893 1

1039 2912 1139 2935 indebite
1157 2913 1278 2939 omissam,
1296 2912 1458 2940 supplevimus
1475 2918 1501 2934 ex
1525 2911 1593 2933 codd.
1612 2911 1626 2932 Ρ
1637 2911 1667 2939 Q:
1685 2910 1736 2932 cod.
1755 2911 1772 2932 T
1791 2917 1840 2932 eam
1857 2911 1878 2932 in

1040 2952 1143 2979 margine
1155 2951 1253 2973 exhibet.
