2215 3404
112 337 241 360 Hieronymus.

253 212 310 241 434

252 292 368 323 oportet,
389 295 420 314 ne
440 287 602 314 coniecturis
621 286 718 313 nostris
738 285 840 320 aliquid
868 285 925 311 ausi
952 285 1042 311 dicere
1062 284 1097 310 vi-

252 332 372 358 deamur.
392 331 429 356 De
449 330 500 357 hoc
520 330 699 363 Hieronymus
713 329 738 355 in
753 328 920 362 expositione
934 327 994 353 lidei
1009 327 1098 353 callio-

252 374 320 400 lieae
339 373 372 399 ad
393 373 535 399 Damasum
548 372 555 384 ¹
578 372 613 398 ita
633 372 680 398 ait:
700 371 778 397 «Non
803 372 841 397 est
865 377 976 404 prorsus
1001 369 1099 403 aliquis

254 417 279 442 in
299 416 425 442 Trinitate
451 415 561 448 gradus,
582 414 701 448 nihilque
722 413 793 448 quod
815 413 922 440 inferius
942 413 1101 446 superiusve

254 459 306 486 diei
326 458 422 493 possit,
442 458 488 484 sed
510 461 563 484 tota
582 457 668 483 deitas
687 457 728 483 sui
742 456 906 491 perfectione
920 455 1040 489 aequalis
1053 457 1101 486 est,

254 506 283 528 ut
302 502 423 536 exceptis
442 500 594 532 vocabulis,
615 507 684 534 quae
705 499 898 534 proprietatem
912 498 1031 524 indicant
1044 505 1102 532 per-

254 552 395 575 sonarum,
414 543 545 578 quidquid
566 543 599 569 de
618 550 671 569 una
690 549 805 577 persona
824 541 937 572 dicitur,
956 541 989 567 de
1017 540 1102 566 tribus

255 588 409 621 dignissime
428 586 511 621 possit
524 586 642 619 intelligi.
665 587 752 620 Atque
772 587 800 611 ut
817 584 983 611 confutantes
996 583 1102 615 Arium,

256 638 336 658 unam
356 629 522 663 eandemque
541 628 677 655 Trinitatis
697 627 812 654 dicimus
831 634 889 653 esse
908 626 1102 657 substantiam,

257 676 282 700 et
301 680 383 699 unum
403 672 429 698 in
450 672 534 698 tribus
554 671 676 705 personis
694 671 808 697 fatemur
828 670 929 701 Deum;
949 669 986 695 ita
1012 668 1104 702 impie-

256 719 337 742 tatem
357 715 465 742 Sabellii
484 714 665 745 declinantes,
686 716 738 740 tres
757 719 885 747 personas
899 719 1040 746 expressas
1053 711 1103 737 sub

256 758 420 792 proprietate
434 757 622 790 distinguimus
634 766 639 783 :
653 764 705 783 non
720 756 808 790 ipsum
821 755 871 782 sibi
884 755 1002 786 Patrem,
1016 754 1103 788 ipsum

257 801 308 827 sibi
327 801 422 827 Filium
435 821 441 832 ,
461 800 549 835 ipsum
569 799 619 826 sibi
639 799 768 834 Spiritum
788 802 909 825 sanctum
933 806 991 825 esse
1016 798 1104 824 dicen-

258 848 310 876 tes,
330 844 376 871 sed
396 844 476 871 aliam
490 843 589 876 Patris,
610 843 689 870 aliam
709 842 783 875 Filii,
803 842 883 869 aliam
903 841 1019 876 Spiritus
1047 849 1104 868 sau—

258 888 294 914 cti
313 894 370 914 esse
390 894 541 921 personam.
560 886 618 912 Non
632 886 703 912 enim
723 886 829 912 nomina
845 884 1042 917 tantummodo,
1056 884 1102 911 sed

258 931 337 958 etiam
360 930 496 957 nominum
523 929 713 964 proprietates,
734 928 760 955 id
780 931 819 955 est
838 935 980 963 personas,
1001 928 1055 957 vel,
1075 930 1104 954 ut

935 207 1187 236 SENTENTIARUM
1210 206 1270 234 LlB.
1292 206 1310 234 l.

1154 283 1249 310 Graeci
1277 284 1448 318 exprimunt,
1481 283 1660 317 hypostases,
1689 282 1715 308 id
1744 285 1783 309 est
1806 283 2004 316 subsistentias,

1155 327 1321 353 eonfitemur.
1341 326 1396 353 Nec
1425 326 1502 353 Pater
1521 325 1580 352 Filii
1601 325 1641 352 vel
1668 325 1783 359 Spiritus
1808 327 1891 353 sancti
1917 335 2006 362 perso-

1157 376 1218 395 nam
1238 369 1382 403 aliquando
1406 368 1540 401 excludit;
1561 375 1609 395 nec
1638 368 1720 394 Filius
1746 368 1787 395 vel
1816 368 1930 403 Spiritus
1949 377 2006 397 san-

1157 414 1216 438 ctus
1247 412 1332 438 Patris
1361 418 1457 438 nomen
1486 418 1683 445 personamque
1712 411 1824 445 recipit,
1853 411 1900 438 sed
1929 412 2006 439 Pater

1158 461 1265 488 semper
1277 454 1363 487 Pater,
1383 457 1409 480 et
1425 453 1508 480 Filius
1531 460 1637 488 semper
1656 453 1751 486 Filius,
1771 456 1797 480 et
1816 453 1931 488 Spiritus
1949 461 2007 481 san-

1158 500 1218 524 ctus
1236 504 1343 531 semper
1368 497 1483 531 Spiritus
1508 499 1625 523 sanctus.
1645 496 1737 530 ltaque
1755 496 1904 523 substantia
1924 504 2006 524 unum

1158 543 1231 573 sunt,
1252 540 1299 566 sed
1317 540 1440 574 personis
1460 547 1491 566 ac
1511 539 1664 566 nominibus
1683 539 1916 573 distinguuntur».
1936 540 2007 567 Eece

1159 583 1204 609 hic
1229 586 1320 617 aperte
1340 582 1406 609 dicit
1430 583 1623 617 Hieronymus,
1642 582 1821 616 proprietates
1840 589 1898 609 esse
1917 589 2006 617 perso-

1160 633 1223 658 nas,
1244 629 1270 652 et
1288 633 1417 660 personas
1437 632 1495 652 esse
1520 625 1714 652 subsistentias.
1737 625 1813 652 Unde
1838 625 2007 652 manifestum

1161 669 1189 695 tit
1208 668 1281 703 quod
1300 668 1429 701 diximus,
1449 668 1553 694 scilieet
1568 675 1701 703 personae
1730 668 1837 694 nomine
1861 667 2007 701 significari

1161 715 1186 739 et
1199 710 1364 747 hypostasim
1384 714 1409 737 et
1425 710 1626 746 proprietatem.
1640 710 1797 737 —Ioannes
1816 710 1896 737 etiam
1915 710 2147 736 Dama-Damascena..

1160 754 1276 781 scenus²
1299 761 1428 789 personas
1456 753 1522 780 dicit
1540 760 1598 780 esse
1618 752 1789 788 hypostases,
1820 756 1846 780 et
1873 760 1918 779 eas
1943 752 2008 779 dicit

1160 801 1241 828 entes,
1260 797 1296 824 ita
1326 797 1465 831 inquiens:
1482 796 1531 822 «In
1551 796 1649 823 deitate
1675 803 1755 822 unam
1783 798 1906 822 naturam
1929 795 2009 822 confi-

1161 843 1247 867 temur
1260 843 1286 867 et
1306 843 1359 866 tres
1377 840 1537 874 hypostases
1554 838 1702 866 secundum
1721 838 1860 865 veritatem
1880 841 1962 870 entes,
1981 838 2008 864 id

1160 887 1199 911 est
1218 890 1381 918 personas».

551 1062 989 1113 COMMENTARIUS
1022 1062 1084 1110 IN
1117 1060 1555 1109 DISTINCTIONEM
1588 1060 1720 1107 XXV.

846 1190 928 1229 Quid
954 1189 1100 1234 significet
1125 1200 1237 1222 nomen
1264 1199 1415 1231 persona.

669 1308 829 1336 Praeterea
850 1306 1098 1335 considerandam
1120 1309 1170 1339 est,
1192 1314 1259 1334 euin
1282 1304 1335 1333 hoc
1356 1312 1459 1332 women
1480 1311 1608 1341 persona.

996 1451 1119 1479 DIVISIO
1140 1450 1276 1479 TEXTUS.

342 1565 432 1601 Supra
453 1563 588 1592 ostendit¹
611 1563 749 1600 Magister,
771 1562 839 1599 quid
861 1561 1032 1599 significetur
1061 1569 1111 1598 per

264 1612 415 1641 terminum
440 1610 630 1645 numeralem,
655 1618 720 1639 cum
741 1610 861 1638 dicimus
877 1613 933 1637 tres
953 1617 1110 1646 personas,

264 1659 309 1688 hic
331 1658 454 1688 secundo
475 1657 585 1691 subdit,
607 1656 675 1694 quid
696 1656 868 1693 significetur
889 1664 940 1693 per
961 1656 1036 1684 hunc
1061 1658 1113 1683 ter-

264 1705 373 1734 minum
390 1713 528 1742 persona.
550 1704 581 1732 Et
602 1703 737 1732 dividitur
759 1703 827 1732 haec
848 1710 914 1740 pars
934 1702 963 1731 in
984 1703 1064 1731 duas.
1083 1702 1111 1730 ln

265 1753 357 1790 prima
387 1751 497 1789 quaerit
521 1754 548 1779 et
578 1750 704 1788 opponit3
733 1750 761 1778 in
785 1750 909 1779 secunda
937 1749 1033 1784 solvit,
1062 1749 1111 1777 ibi:

268 1798 450 1835 Quibusdam
470 1798 596 1831 videtur,
618 1797 695 1835 quod
713 1796 830 1825 uoutiue
846 1804 998 1833 personae.

345 1845 453 1874 Prima
474 1852 539 1881 pars
561 1844 645 1873 habet
666 1847 722 1873 tres
743 1847 844 1881 partes.
867 1844 896 1871 ln
915 1843 1007 1881 prima
1021 1846 1114 1872 movet

268 1892 482 1925 dubitationen13
494 1892 521 1919 in
533 1891 656 1920 secunda
670 1890 784 1928 opponit
797 1898 848 1928 per
859 1891 1053 1919 auctoritatem
1064 1890 1115 1918 Au-

268 1939 371 1976 gustini
379 1939 536 1972 ostendens,
548 1938 623 1975 quod
634 1938 737 1967 dicitur
755 1937 911 1967 secundum
920 1937 1113 1972 substantiam,

268 1985 320 2014 ibi:
337 1986 470 2014 Persona
485 1985 571 2018 euim,
587 1988 620 2012 ut
632 1993 728 2021 supra
742 1984 786 2013 ait
806 1984 1011 2022 Aayustinus;
1032 1984 1114 2012 tertio

268 2032 381 2069 opponit
394 2039 442 2068 per
454 2032 598 2066 rationem,
611 2031 691 2060 tertio
704 2031 825 2068 capitulo
837 2030 846 2043 ²
859 2031 908 2059 ibi:
921 2030 1015 2059 Aliter
1026 2031 1114 2059 etiam

265 2082 358 2115 potest
378 2078 508 2112 ostemli,
534 2078 611 2116 quod
636 2078 753 2106 nomine
773 2086 934 2115 personae:
962 2078 1010 2106 ubi
1040 2086 1115 2106 mon-

270 2128 340 2154 strat
360 2125 430 2154 illud
453 2125 534 2153 idem.

351 2171 534 2207 Quibusdam
558 2171 689 2204 videtur,
718 2171 795 2209 quod
821 2171 937 2199 nomine
963 2179 1114 2208 personae.

270 2219 340 2248 Haeo
361 2222 403 2247 est
422 2219 552 2247 secunda
582 2226 664 2255 pars,
692 2218 720 2246 in
752 2226 808 2255 qna
839 2218 939 2250 solvit:
962 2221 988 2246 et
1020 2218 1117 2246 dividi-

270 2269 317 2294 tur
338 2265 407 2294 haec
428 2273 494 2302 pars
516 2265 543 2293 in
564 2265 643 2294 duas.
673 2265 701 2293 In
732 2264 822 2301 prima
854 2265 935 2293 solvit
960 2264 1115 2293 seeundum

1167 1560 1325 1597 opinionem
1346 1560 1479 1594 aliorum,
1501 1559 1550 1596 qui
1570 1559 1678 1593 dicunt,
1701 1558 1776 1596 quod
1802 1565 1921 1595 persona
1946 1557 2014 1586 acci-

1168 1607 1245 1644 pitur
1272 1607 1429 1636 secundum
1457 1606 1621 1640 essentiam,
1643 1609 1736 1634 tamen
1756 1605 1874 1634 relatam
1894 1604 1930 1633 ad
1952 1611 2015 1641 sup-

1168 1654 1298 1691 positum.
1334 1654 1363 1682 In
1398 1653 1521 1683 secunda
1555 1653 1636 1682 solvit
1670 1653 1826 1681 secundum
1856 1651 2015 1688 opinionem

1169 1708 1250 1729 suam
1271 1708 1321 1737 per
1342 1701 1546 1729 distinctionem
1559 1723 1566 1735 ,
1588 1700 1640 1728 ibi:
1663 1699 1819 1729 Sciendum
1840 1702 1881 1727 est
1901 1698 1994 1736 igitur
2007 1720 2014 1731 ,

1169 1748 1247 1785 qaod
1267 1747 1319 1776 lioe
1332 1756 1436 1776 ‘nomen
1448 1756 1577 1785 persona
1591 1746 1780 1784 multiplicem
1795 1744 2014 1783 iittelliqeittianz

1168 1793 1251 1831 facit.
1274 1795 1305 1823 Et
1326 1795 1394 1823 baec
1415 1803 1480 1831 pars
1495 1794 1631 1823 dividitur
1652 1794 1680 1822 in
1695 1794 1774 1822 duas.
1789 1793 1817 1821 ln
1832 1793 1924 1830 prima
1937 1794 2016 1829 parte

1170 1842 1299 1876 ostendit,
1321 1842 1461 1879 quomodo
1481 1841 1616 1879 accipitur
1636 1841 1689 1870 1100
1710 1848 1812 1869 nomen
1831 1848 1958 1877 persona
1989 1839 2018 1868 in

1169 1888 1288 1926 plurali3
1319 1889 1347 1916 in
1379 1888 1517 1923 secunda,
1548 1888 1688 1925 quomodo
1710 1887 1846 1924 accipitur
1873 1887 1901 1915 in
1927 1886 2018 1923 singu-

1170 1936 1234 1970 lari,
1266 1944 1330 1965 cum
1351 1936 1465 1965 dicitur:
1494 1935 1566 1964 alius
1587 1938 1630 1964 est
1656 1935 1750 1969 Pater,
1779 1934 1851 1963 alius
1876 1933 1961 1963 Filius
1989 1933 2017 1961 in

1170 1991 1290 2020 persona
1299 1982 1318 2018 ³,
1332 1983 1388 2012 ibi:
1404 1982 1490 2011 Nunc
1504 1982 1699 2020 inspiciamus
1709 2005 1718 2016 ‚
1733 1985 1837 2010 utrum
1857 1981 2018 2010 secuudum

1171 2030 1291 2058 eandem
1301 2030 1454 2058 rationem.
1466 2046 1506 2050 —
1517 2030 1607 2058 Prima
1622 2038 1688 2067 pars
1702 2029 1787 2058 habet
1800 2032 1857 2058 tres
1872 2031 1974 2065 partes.
1989 2028 2019 2056 In

1171 2076 1263 2114 prima
1283 2077 1361 2114 ponit
1382 2077 1586 2106 distinctionem
1599 2099 1606 2111 ,
1631 2084 1682 2113 per
1709 2083 1794 2114 quam
1816 2075 1916 2110 solvit3
1937 2075 1965 2103 in
1980 2082 2020 2104 se-

1173 2124 1266 2153 cunda
1296 2123 1443 2152 confirmat
1473 2131 1524 2161 per
1549 2123 1743 2153 auctoritatem
1774 2122 1931 2160 Augustini,
1962 2122 2019 2151 ibi:

1175 2172 1210 2200 Et
1230 2170 1276 2199 liic
1296 2180 1399 2199 seusus
1420 2171 1585 2199 adiuvatur
1599 2179 1634 2199 ex
1647 2170 1743 2199 verbis
1763 2173 1831 2205 eto.;
1846 2170 1874 2198 in
1888 2169 1970 2199 tertia
1983 2169 2020 2198 ad

1173 2218 1355 2246 obiectIonem
1378 2218 1540 2254 respondet,
1561 2218 1617 2246 ibi:
1640 2217 1688 2246 Ad
1702 2216 1754 2245 lioc
1768 2221 1866 2245 autem
1886 2216 1964 2255 quod
1977 2215 2022 2244 illi

1174 2264 1282 2292 (licant.
1298 2281 1337 2284 ——
1351 2264 1482 2292 Similiter
1495 2271 1614 2301 sequens
1628 2271 1694 2301 pars
1708 2264 1793 2292 habet
1809 2266 1866 2292 tres
1876 2266 1978 2301 partes.
1990 2263 2020 2292 ln

335 2476 340 2490 ¹
361 2475 432 2499 Codd.
451 2481 531 2497 omnes
551 2478 573 2497 et
590 2475 642 2497 edd.
669 2475 690 2503 1,
709 2475 733 2502 2,
752 2475 777 2501 3,
796 2475 820 2503 5,
841 2475 866 2502 7,
885 2475 909 2497 9:
931 2474 962 2497 ud
978 2474 1082 2504 Alipium
1098 2476 1119 2498 et

273 2514 441 2543 Auyustiizmn,
462 2513 595 2543 Episcopus.
609 2513 654 2536 Sed
666 2514 722 2535 inter
739 2520 809 2541 opera
827 2514 849 2535 S.
866 2514 998 2541 Hieronymi
1015 2513 1072 2536 liber
1089 2514 1119 2535 in-

274 2554 392 2576 scribitur:
409 2553 441 2576 ad
456 2553 597 2575 Damasum.
609 2553 675 2574 -ln
693 2553 737 2575 1100
754 2556 821 2581 textu,
839 2556 917 2575 contra
930 2552 1054 2575 editionem
1071 2553 1119 2575 Ilie-

274 2593 377 2620 ronymi‚
396 2592 464 2614 codd.
482 2592 499 2613 Α
509 2592 525 2613 Β
535 2591 551 2614 C
569 2594 591 2613 et
607 2591 642 2614 ed.
660 2592 682 2619 t,
696 2591 746 2613 Vat.
759 2597 812 2613 011111
829 2592 878 2614 aliis
895 2591 947 2614 edd.
960 2592 1024 2619 ponit
1039 2591 1120 2614 (lirini-

275 2633 311 2654 tas
328 2631 378 2653 loco
395 2630 474 2653 deitas.
493 2630 580 2653 Deinde
602 2633 680 2653 contra
703 2630 825 2658 originale,
843 2630 910 2652 codd.
933 2630 1028 2653 ABCE
1045 2633 1067 2652 et
1083 2630 1119 2652 ed.

276 2671 284 2692 >l
315 2671 364 2693 Vat.
382 2676 436 2692 cum
456 2670 504 2692 aliis
522 2669 574 2692 edd.
587 2669 650 2692 addit
662 2669 787 2692 essentium
805 2669 840 2692 rel
851 2673 901 2692 ante
919 2669 1084 2698 substantiam,
1098 2673 1121 2692 et

275 2712 354 2738 postea
371 2712 422 2731 ante
439 2708 580 2738 impietatem
598 2709 673 2731 adiicit
690 2708 767 2731 eliam.

337 2748 347 2761 2
364 2747 424 2770 Libr.
442 2748 473 2769 111.
493 2747 521 2769 de
538 2747 591 2769 Fide
609 2747 747 2775 orthodoxa,
765 2753 784 2769 c.
803 2746 827 2775 5,
845 2746 885 2769 ubi
903 2748 935 2769 sic
947 2748 987 2769 ait:
1002 2747 1079 2770 Unam
1096 2746 1121 2770 in

275 2786 395 2809 divinitate
411 2787 527 2809 viaturam
544 2786 695 2816 confitemur,
715 2787 762 2809 tres
779 2787 859 2809 aulem
872 2792 988 2815 personas
1004 2792 1058 2809 vere
1075 2786 1122 2809 eoei-

276 2828 360 2849 stentes
376 2825 483 2849 dicimus.

339 2865 394 2887 Nota
406 2865 477 2887 bene:
490 2865 586 2888 Codices
598 2865 651 2887 111110
663 2864 799 2887 distinctioni
812 2864 899 2887 addunt
911 2865 947 2887 iv.
960 2867 1039 2893 caput:
1052 2865 1123 2888 Nunc

277 2903 304 2926 de
313 2902 509 2932 proprietatibus,
529 2903 593 2931 quod
612 2904 634 2924 in
652 2904 764 2931 principio
777 2903 926 2926 distinctionis
938 2903 1019 2925 xxvi.
1033 2904 1121 2931 legitur.

277 2943 323 2964 Sed
335 2942 389 2964 illud
401 2942 431 2964 ibi
444 2942 578 2970 ponendum
590 2945 644 2970 erat,
658 2943 710 2971 quia
723 2943 745 2964 S.
758 2943 917 2965 Bonaventura
931 2944 953 2964 in
966 2943 1078 2965 divisione
1094 2945 1123 2964 te-

277 2984 328 3003 xtus
340 2982 383 3003 1100
401 2982 525 3009 capitulum
544 2985 568 3004 ut
580 2985 668 3009 partem
685 2981 835 3004 distinctionis
852 2982 933 3004 XXVI.
951 2984 1122 3004 commemorat.

1391 2474 1486 2497 NOTAE
1503 2474 1540 2497 AD
1559 2473 1805 2498 COMMENTARIUM.

1239 2552 1245 2566 ¹
1265 2553 1323 2580 Vnt„
1340 2552 1524 2580 repugnantibus
1541 2552 1609 2575 codd.
1626 2555 1648 2575 et
1665 2553 1700 2575 ed.
1723 2553 1740 2580 1,
1759 2552 1894 2582 respondet,
1913 2555 1936 2575 et
1952 2553 2020 2581 paulo

1176 2591 1233 2613 intra
1250 2590 1336 2614 dicitur
1353 2597 1396 2619 pro
1413 2590 1520 2615 dicimus.
1537 2591 1593 2613 Dein
1610 2595 1662 2619 post
1679 2591 1728 2619 lte'c,
1748 2592 1812 2620 quod
1829 2591 1924 2620 quidem
1941 2592 1963 2614 in
1976 2598 2021 2614 non

1176 2630 1256 2658 paucis
1273 2629 1340 2652 codd.
1358 2632 1379 2652 et
1396 2629 1431 2652 ed.
1451 2630 1459 2651 1
1485 2629 1642 2658 desideratur,
1667 2631 1749 2652 omittit
1772 2630 1887 2658 secundo,
1913 2630 1977 2659 quod
1999 2631 2021 2653 in

1177 2669 1285 2691 omnibns
1302 2669 1349 2691 fere
1366 2669 1433 2691 codd.
1459 2671 1481 2691 et
1504 2669 1540 2691 ed.
1560 2670 1568 2691 1
1589 2671 1668 2691 exstat.

1240 2708 1249 2722 2
1267 2709 1316 2731 Vnt.
1335 2709 1417 2731 omittit
1433 2707 1501 2731 tertio
1518 2708 1633 2737 capitulo,
1653 2715 1713 2737 quae
1730 2715 1800 2731 voces
1816 2709 1839 2730 in
1859 2709 1936 2731 multis
1953 2709 2021 2732 codd.

1178 2750 1203 2770 nt
1220 2748 1248 2769 11³
1258 2748 1276 2770 T
1287 2747 1306 2769 Y
1322 2751 1364 2770 etc.
1382 2747 1495 2770 habentur
1505 2766 1510 2776 ,
1522 2748 1571 2770 aliis
1583 2748 1650 2770 codd.
1669 2750 1693 2770 ut
1704 2748 1721 2770 A
1731 2748 1750 2776 Q
1760 2749 1775 2770 S
1785 2749 1804 2771 V
1814 2748 1835 2770 X
1845 2748 1861 2770 Z
1879 2749 1929 2771 loco
1941 2754 2022 2771 earum

1178 2786 1338 2809 exhibentibus
1360 2787 1445 2816 quarto
1463 2786 1580 2816 capitul0;
1597 2787 1619 2808 in
1641 2789 1715 2809 nostra
1742 2787 1840 2810 editione
1865 2787 1965 2815 Magistri
1989 2789 2023 2809 est

1178 2824 1281 2854 capitulo
1295 2824 1382 2855 primo.

1241 2863 1251 2878 ³
1268 2864 1343 2887 Voces
1359 2864 1384 2887 in
1397 2870 1514 2894 persona,
1534 2871 1546 2887 a
1572 2865 1622 2887 Vat.
1648 2871 1799 2893 suppressas,
1825 2866 1966 2887 restituimus
1982 2871 2022 2887 au-

1179 2904 1281 2926 ctoritate
1304 2903 1457 2931 plurimorum
1482 2910 1537 2926 mss.
1555 2906 1580 2926 ut
1596 2904 1614 2926 A
1624 2904 1641 2926 Β
1650 2904 1668 2926 D
1678 2904 1693 2926 F
1703 2904 1721 2926 G
1730 2904 1748 2926 H
1758 2905 1777 2926 K
1787 2904 1803 2926 P
1813 2904 1832 2932 Q
1841 2904 1859 2926 T
1869 2904 1888 2926 Y
1897 2904 1913 2926 Z
1934 2908 1976 2926 etc.
2000 2906 2022 2926 et

1179 2943 1215 2965 ed.
1238 2943 1254 2964 l.
