2215 3404
328 171 384 198 572
1015 164 1266 194 SENTENTIARUM
1288 163 1347 192 LIB.
1370 163 1386 191 1.

405 247 531 275 Cosmi:
559 247 580 273 l.
602 245 716 273 «Omne
738 244 974 281 simplicissiimun
990 246 1030 271 est
1053 243 1079 271 id
1094 242 1169 279 quod

185 294 424 327 hadamuta-habet,
446 296 564 329 excepto
585 300 626 322 eo.
647 292 682 320 ad
705 291 778 328 quod
801 290 916 319 relative
939 290 1040 318 dicitur
1055 300 1081 316 ».
1102 289 1169 317 llaec

326 343 367 368 est
389 338 531 376 Augustini
554 338 702 366 undecimo
723 338 757 366 de
779 337 894 365 Civitate
915 336 963 365 Dei
982 336 989 351 ¹
1012 339 1039 364 et
1064 343 1113 372 per
1142 342 1170 363 se

326 389 390 414 nota
411 389 467 420 est;
490 385 538 414 sed
560 385 653 413 divina
675 392 792 421 persona
815 387 856 411 est
880 382 1098 419 simplicissima,
1125 381 1171 409 ali-

327 436 367 461 ter
390 441 443 460 non
464 435 536 461 esset
558 431 647 465 Deus,
669 433 696 459 et
718 438 770 458 non
793 429 896 458 dicitur
917 429 1032 457 relative
1054 428 1088 456 ad
1111 435 1172 464 pro-

326 480 486 517 prietatem:
509 487 575 515 ergo
597 481 637 506 est
659 477 823 514 proprietas.

404 527 431 553 2.
453 526 534 555 ltem.
556 532 637 552 omne
652 523 885 560 perfectissimum
905 525 946 550 est
967 528 1048 549 omne
1070 520 1139 549 illud
1155 528 1171 548 a

327 580 382 609 quo
403 571 547 608 perficitur
567 574 594 599 et
615 570 812 599 denominatur
832 586 869 589 —
886 569 954 597 haec
976 576 1026 604 per
1057 575 1086 595 se
1107 570 1171 595 nota

327 621 380 652 θεῖ,
403 618 468 655 quia
482 617 562 645 aliter
584 616 765 645 denominans
780 618 807 643 et
828 614 975 652 perficiens
993 617 1065 642 esset
1085 614 1172 650 perle-

328 666 398 693 ctius
420 673 470 697 θος
502 667 529 692 et
550 663 720 700 Augustinus
748 662 827 690 istam
860 661 989 698 proponit
1020 660 1116 697 quinto
1138 659 1172 688 de

328 710 482 739 Trinitate2
515 710 629 743 dicens,
661 709 735 746 quod
768 709 832 745 quia
859 709 916 744 ipse
947 708 1022 736 Deus
1052 709 1094 735 est
1119 714 1173 734 ma-

327 758 438 791 ximus,
460 757 522 785 ideo
544 759 584 785 est
605 764 656 784 sua
677 755 841 792 magnitudo
861 771 901 774 -—
922 754 969 782 sed
991 761 1111 790 persona
1135 752 1174 780 di-

327 805 388 832 vina
423 807 464 832 est
486 803 718 840 perfectissimum
750 801 817 838 quid
840 804 867 829 et
898 800 1094 829 denominatur
1122 807 1171 827 sua

328 851 509 888 proprietate:
525 857 591 886 ergo
612 856 730 886 persona
746 851 787 876 est
803 856 853 876 sua
868 847 1036 884 proprietas,
1052 849 1079 874 et
1094 846 1172 874 Pater

328 901 369 926 θεῖ
390 897 551 934 paternitas.

408 944 433 972 3.
455 943 537 977 item,
559 950 639 970 omne
655 941 817 978 simpliciter
838 941 961 977 primum
976 942 1018 968 est
1035 938 1172 976 quidquid

329 991 423 1023 habet,
439 992 556 1025 excepto
571 997 603 1017 eo
622 988 696 1025 quod
721 991 762 1016 est
777 995 812 1015 ex
835 987 881 1015 illo
894 986 902 999 ⁸
916 1003 954 1007 -—
966 993 1029 1014 nam
1049 985 1070 1013 si
1091 985 1173 1013 hahet

327 1037 432 1073 aliquid
461 1036 536 1073 quod
568 1044 621 1063 non
654 1035 688 1063 sit
719 1034 754 1062 ab
786 1034 857 1070 ipso,
890 1033 935 1061 vel
957 1032 1030 1069 quod
1063 1040 1116 1059 non
1140 1031 1174 1059 sit

328 1085 439 1121 ipsum,
471 1082 540 1110 illud
572 1085 613 1110 est
634 1089 722 1117 aeque
754 1080 877 1117 primum
910 1082 941 1107 ut
966 1079 1076 1115 ipsum:
1107 1085 1174 1113 ergo

328 1131 420 1167 ipsum
441 1137 495 1157 uon
518 1129 570 1157 erit
592 1127 754 1164 simpliciter
771 1126 892 1163 primum
906 1142 943 1145 —
958 1125 1007 1153 sed
1030 1125 1108 1152 Pater
1129 1124 1175 1152 ha-

327 1177 373 1205 bet
395 1176 604 1213 paternitatem,
625 1177 652 1202 et
673 1173 825 1210 paternitas
847 1180 900 1200 non
929 1175 970 1200 est
991 1171 1026 1199 ab
1055 1171 1126 1208 ipso,
1147 1173 1174 1198 et

328 1224 385 1260 ipse
407 1227 449 1251 est
470 1221 633 1258 simpliciter
654 1221 778 1257 primus:
803 1228 868 1256 ergo
891 1219 969 1246 Pater
995 1221 1037 1246 est
1058 1216 1176 1254 paterni-

328 1274 382 1299 tas.
404 1270 499 1298 eadem
517 1269 622 1296 ratione
645 1268 728 1295 Filius
743 1270 783 1295 est
806 1266 914 1299 filiatio.
934 1268 961 1293 et
982 1265 1101 1302 Spiritus
1116 1271 1175 1292 san-

327 1319 389 1344 ctus
411 1315 558 1352 processio.

408 1363 446 1391 Ex
468 1362 512 1390 his
534 1361 722 1395 concluditur,
738 1360 812 1397 quod
828 1359 1012 1396 proprietates
1034 1367 1087 1386 non
1110 1360 1175 1386 sunt.

330 1413 436 1438 tautum
456 1417 611 1445 personae,
634 1408 682 1436 sed
705 1408 786 1436 etiam
810 1407 841 1435 in
859 1406 1003 1444 personis.

408 1457 434 1484 [ι.
458 1456 487 1484 Εῖ.
512 1455 585 1492 quod
614 1455 687 1483 istud
714 1462 812 1483 verum
835 1454 888 1483 sit.
910 1453 1021 1482 videtur
1050 1452 1176 1480 auetori-

329 1507 386 1531 tate
408 1503 563 1538 Hieronymi
587 1502 613 1529 in
637 1502 708 1529 libro
729 1502 763 1530 de
786 1500 963 1538 Expositione
978 1499 1042 1528 fidei
1065 1498 1176 1527 catholi-

329 1557 377 1578 cae
398 1549 433 1577 ad
450 1549 599 1577 Damasum
612 1548 634 1576 ⁴:
663 1559 676 1573 «
691 1549 773 1583 Tres,
798 1548 899 1584 inquit,
916 1554 1048 1583 personas
1063 1553 1176 1582 expres-

329 1604 374 1625 sas
395 1596 448 1624 sub
469 1595 686 1633 proprietatibus
707 1595 946 1632 distinguimus».

410 1642 536 1676 5.1tein,
558 1642 610 1670 hoc
632 1642 743 1670 videtur
765 1641 887 1686 ratione.
909 1640 979 1676 Quia
999 1647 1081 1668 omne
1100 1638 1174 1675 quod

330 1693 383 1723 θεῖ,
405 1692 453 1717 aut
474 1692 515 1717 est
537 1696 586 1717 ens
603 1697 657 1725 per
678 1697 708 1716 se
729 1691 756 1716 et
777 1688 807 1715 in
822 1696 865 1721 se,
886 1690 935 1715 aut
957 1687 987 1714 iu
1002 1686 1061 1715 alio
1074 1686 1092 1713 ⁵.
1116 1685 1176 1713 Pro-

330 1737 461 1773 prietates
476 1735 560 1772 igitur
576 1738 622 1763 aut
645 1738 710 1763 sunt
721 1744 775 1771 per
795 1743 825 1763 se
839 1737 929 1768 entes,
951 1736 977 1762 et
992 1733 1030 1761 ita
1051 1732 1176 1761 substan-

330 1783 397 1813 tiae:
419 1786 468 1811 aut
489 1782 520 1810 in
540 1782 608 1810 alio.
631 1782 656 1810 si
679 1782 710 1810 in
731 1782 804 1815 alio,
827 1790 879 1809 non
909 1781 962 1809 nisi
984 1780 1011 1808 in
1033 1779 1175 1816 personis.

331 1829 395 1866 quia
417 1829 573 1866 proprietas
594 1836 647 1856 non
669 1831 711 1857 est
724 1828 776 1856 nisi
799 1828 826 1855 in
841 1835 873 1856 eo
895 1827 975 1856 cuius
993 1829 1035 1855 est
1055 1825 1176 1862 proprie-

331 1878 380 1904 tas.
403 1875 428 1903 si
451 1884 505 1912 per
526 1883 569 1908 se,
596 1883 662 1912 ergo
691 1875 846 1912 proprietas
868 1878 909 1903 est
931 1873 1098 1902 substantia:
1128 1876 1176 1901 aut

331 1930 397 1959 ergo
419 1926 534 1955 ereata,
567 1925 616 1950 aut
647 1922 794 1955 increata,
826 1923 874 1949 aut
905 1920 1011 1948 media.
1043 1919 1095 1947 Sed
1122 1927 1174 1947 non

331 1972 431 1997 creata
444 1991 451 2002 ,
474 1977 523 1997 nec
549 1968 645 1996 media
661 1985 699 1988 —
719 1968 789 1996 illud
813 1969 919 1996 constat
937 1984 973 1986 —
994 1969 1080 1994 restat
1101 1973 1176 2002 ergo,

330 2015 405 2052 quod
428 2015 577 2043 ruereata:
599 2023 666 2052 ergo
687 2018 751 2043 sunt
774 2021 916 2051 personae.

397 2309 400 2322 ¹
421 2308 474 2336 Cap.
497 2309 529 2330 10.
548 2315 569 2330 n.
592 2309 612 2330 l:
625 2308 677 2330 ideo
689 2309 785 2336 simplex
799 2309 888 2336 dicitur⁷
901 2309 1010 2337 quoniam
1027 2308 1089 2337 quod
1102 2308 1177 2332 habel.

332 2348 375 2369 hoc
393 2350 438 2374 est,
456 2349 551 2374 excepto
569 2346 631 2375 quod
649 2347 742 2368 rolatix‘e
759 2353 865 2375 quaeque
883 2352 979 2374 persona
999 2346 1027 2368 ad
1040 2346 1133 2368 alteram
1146 2346 1176 2368 di-

332 2386 397 2407 citur.
414 2397 446 2401 —
462 2385 484 2406 ln
502 2384 553 2407 cod.
571 2384 589 2406 Ο
606 2389 657 2413 post
675 2385 737 2407 Haec
753 2385 787 2407 esc
803 2385 895 2407 additur
911 2384 1002 2414 requlu.

395 2424 403 2437 ἵ
421 2423 475 2451 Cap.
498 2424 530 2445 10.
549 2430 570 2445 n.
593 2424 631 2445 lul:
649 2424 709 2446 Deus
726 2426 810 2451 autom⁷
829 2424 881 2452 quia
905 2429 949 2445 non
968 2430 993 2445 ca
1019 2423 1176 2451 magnitudine

333 2469 432 2491 magnus
448 2465 491 2490 est,
510 2469 569 2491 quae
587 2468 631 2484 non
649 2466 683 2485 est
699 2463 763 2491 quod
785 2465 818 2485 θεῖ
839 2463 902 2490 ipse,
926 2466 949 2484 ut
973 2463 1038 2491 quasi
1062 2463 1176 2490 particeps

332 2503 382 2524 eIus
399 2502 426 2523 sit
443 2501 514 2528 Deus,
534 2507 586 2523 cum
605 2507 703 2529 magnus
720 2505 753 2523 est
764 2513 796 2517 —
808 2502 908 2529 alioquin
925 2502 960 2523 illa
979 2502 1021 2523 erit
1043 2502 1114 2523 maior
1131 2507 1176 2523 ma-

333 2540 429 2568 gnitudo
447 2546 516 2568 quam
535 2540 607 2567 Deus,
625 2539 672 2561 Deo
698 2542 774 2561 autem
793 2545 836 2561 non
864 2542 895 2561 est
920 2539 1005 2567 aliquid
1024 2540 1175 2561 maius—ea

333 2579 402 2606 igitur
419 2577 575 2605 magnitudino
593 2583 691 2605 magnus
708 2580 751 2605 ost,
770 2584 814 2606 qua
833 2578 881 2605 ipsc
894 2580 928 2599 est
940 2577 1021 2599 cadem
1033 2577 1175 2605 magnitudo.

333 2617 377 2640 Csr.
395 2620 414 2639 ot
433 2617 468 2638 Vl.
481 2623 499 2638 c.
512 2617 533 2638 7.
547 2623 566 2638 n.
580 2617 600 2638 8.
618 2623 666 2645 seq.
678 2628 710 2632 —
722 2617 770 2638 Mox
788 2619 840 2644 post
851 2616 914 2646 quod
925 2623 951 2638 ex
965 2616 1032 2638 codd.
1047 2617 1081 2638 lM
1093 2616 1121 2637 W
1130 2616 1149 2637 X
1160 2616 1176 2637 Z

333 2656 365 2678 bh
382 2656 522 2678 restituimus
539 2656 722 2677 coniunctionem
740 2655 807 2684 quia,
828 2662 886 2684 quae
912 2656 934 2677 in
952 2655 1002 2677 Vat.
1026 2655 1176 2677 desideratur.

333 2695 405 2717 Codd.
424 2695 429 2716 1
441 2695 461 2717 X
471 2694 503 2717 bb
521 2695 628 2716 omittunt
643 2694 691 2723 ipse
708 2697 759 2716 ante
772 2694 841 2717 Deus.
854 2695 923 2716 Paulo
935 2695 1042 2722 superius
1054 2700 1096 2722 pro
1108 2693 1177 2716 aliter

333 2733 489 2756 denominans
506 2734 571 2755 multi
583 2733 650 2755 codd.
663 2739 716 2755 cum
729 2733 765 2755 ed.
779 2733 787 2754 .1
804 2734 931 2760 incongrue
943 2734 999 2756 lianc
1011 2732 1176 2755 denominans.

335 2772 419 2794 Deinde
437 2776 487 2800 post
505 2778 530 2795 eo
548 2772 598 2794 cod.
618 2771 635 2794 O
653 2772 678 2797 (L
696 2772 717 2793 in
736 2772 819 2799 marg.)
838 2772 911 2794 addit:
934 2771 966 2794 nd
998 2771 1076 2794 mitius
1097 2777 1176 2795 secun-

333 2810 390 2833 dum
408 2810 479 2840 quid;
496 2812 518 2833 et
534 2810 555 2833 .ςὶ
571 2810 701 2833 secandum
727 2810 796 2840 quid:
818 2816 873 2839 erqo
895 2810 1044 2839 simpliciter,
1071 2810 1177 2833 *nzuaet‘me

334 2849 357 2871 in
375 2849 563 2879 simplicissimo,
583 2849 625 2872 vubi
640 2855 687 2872 nou
704 2850 738 2872 est
754 2849 811 2879 quid
827 2850 847 2872 et
864 2849 926 2878 qnid.
945 2850 966 2871 ln
986 2849 1029 2871 fine
1047 2851 1176 2877 argumenti

335 2889 386 2910 voci
402 2888 533 2917 paternitas
551 2888 600 2910 cod.
620 2888 625 2909 Ι
645 2889 767 2915 praemittit
783 2894 836 2911 sua.

397 2927 406 2941 ³
423 2927 494 2949 Codd.
512 2927 547 2948 1111
560 2926 592 2949 iil)
609 2933 661 2949 cum
679 2926 715 2948 ed.
738 2927 742 2947 1
765 2925 795 2948 ab
812 2926 859 2949 illo.

1541 247 1752 268 CONCLUSIO.

1228 333 1402 370 Proprietas
1422 336 1462 361 est
1483 341 1602 370 persona
1631 335 1656 360 et
1677 333 1703 360 in
1726 339 1860 369 persona,
1894 336 1989 360 tamen
2007 340 2073 368 pro-

1303 380 1416 417 potetas
1431 383 1456 407 ct
1467 388 1595 416 persona
1617 378 1758 416 differunt
1770 379 1931 406 secundum
1952 378 2070 406 modum

1306 436 1336 455 se
1351 426 1482 455 habendi.

1307 519 1484 547 Rusroupuo:
1512 518 1679 549 Dicendum,
1705 517 1781 554 quod
1806 517 1840 546 de
1869 517 2073 553 comparatione

1228 565 1405 603 proprietatis
1427 566 1460 594 ad
1484 573 1631 602 personam
1654 564 1759 601 triplex
1779 564 1831 592 suit
1851 564 1952 601 opinio.
2200 559 2204 602 ξ

1309 612 1413 640 Prima
1436 612 1535 649 positio
1556 612 1623 645 fuit,
1639 611 1713 648 quod
1736 611 1920 648 proprietates
1936 619 1988 639 non
2010 613 2074 639 sunt
2087 616 2155 640 Opinio
2168 605 2203 635 ¹-'

1227 667 1369 696 personae
1389 667 1439 687 nec
1468 659 1499 686 in
1517 658 1669 695 personis,
1695 658 1742 686 sed
1765 657 1908 686 assistunt
1933 657 2073 694 personis.

1229 706 1300 734 sicut
1320 705 1477 734 relationes.
1494 705 1524 733 Et
1541 705 1623 739 ratio⁷
1646 712 1717 741 quae
1740 704 1826 732 movit
1847 704 1928 735 istos,
1950 703 2002 732 fuit
2016 711 2076 740 per·
2201 697 2204 725 Ῑ

1229 759 1361 780 sonarum
1384 751 1532 788 pluralitas
1553 754 1580 779 et
1601 751 1692 779 divina
1717 750 1887 787 simplicitas.
1910 750 1980 786 Quia
2001 750 2073 778 enim

1229 798 1385 836 personae⁶
1405 798 1502 835 plures
1525 801 1604 831 sunt,
1630 797 1727 834 plures
1752 797 1855 825 hahent
1876 797 2075 834 proprietates,
2201 791 2205 829 1

1229 853 1301 882 quae
1324 852 1388 873 vere
1410 844 1569 873 differentes
1591 847 1663 872 sunt.
1681 844 1712 872 Et
1733 835 1974 880 quia'differentes
1995 844 2075 871 sunt.
2202 877 2203 880 Ἰ

1230 892 1252 921 si
1281 895 1374 920 essent
1404 892 1430 919 in
1460 899 1597 928 persona,
1629 891 1772 919 auferrent
1804 890 1827 919 ei
1861 888 2075 926 simplicitatem.
2202 898 2204 931 1)

1228 938 1306 974 Quae
1327 945 1391 966 cum
1414 946 1468 965 non
1490 938 1576 974 possit
1597 937 1701 966 auferri
1727 945 1743 965 a
1764 935 1878 970 divinis,
1907 938 2076 973 posuerunt.
2202 946 2203 951 ¹

1230 984 1414 1021 proprietates
1436 992 1496 1013 esse
1517 984 1683 1012 assistentes
1705 983 1844 1020 personis⁷
1867 990 1920 1010 non
1942 990 2003 1011 esse
2014 990 2078 1019 per·
2202 970 2204 1011 l

1229 1039 1326 1059 sonas.
1351 1031 1379 1058 Et
1402 1031 1466 1059 liuic
1489 1031 1600 1059 videtur
1621 1038 1773 1059 consonare
1802 1032 1902 1057 natura
1923 1028 2076 1057 relationis.
2203 1021 2204 1057 1

1230 1085 1302 1114 quae
1323 1085 1377 1105 non
1393 1077 1504 1105 videtur
1525 1085 1585 1106 esse
1601 1077 1628 1105 in
1651 1076 1806 1105 substantia
1819 1076 1827 1089 ⁷
1850 1083 1901 1104 necv
1914 1074 2077 1112 praedicare
2203 1062 2204 1109 1

1230 1123 1336 1159 aliquid
1352 1123 1378 1151 in
1394 1123 1531 1157 subiecto⁷
1547 1123 1595 1152 sed
1611 1123 1704 1151 dicere
1719 1125 1876 1159 respectum
1892 1121 1927 1150 ad
1942 1121 2027 1150 aliud.
2038 1137 2077 1141 —-
2203 1110 2205 1150 1

1232 1169 1262 1197 Εῖ
1283 1169 1351 1198 haee
1373 1169 1481 1206 positio,
1508 1170 1559 1198 etsi
1581 1169 1753 1198 rationabilis
1784 1169 1879 1206 aliquo
1904 1168 1988 1196 modo
2008 1167 2075 1202 fuit,
2091 1177 2194 1201 tmprobatu

1231 1220 1323 1245 tamen
1346 1219 1420 1245 stare
1441 1225 1495 1244 non
1517 1220 1619 1253 potest,
1641 1216 1707 1253 quia
1728 1216 1859 1253 ponebat,
1881 1215 2029 1244 relationes
2050 1215 2078 1243 in

1231 1264 1333 1292 divinis
1354 1271 1404 1292 nec
1425 1264 1514 1292 Deum
1536 1272 1596 1292 esse
1618 1272 1668 1293 uec
1690 1266 1858 1292 creaturam.
1882 1262 1957 1291 Unde
1978 1262 2027 1291 etsi
2051 1262 2077 1290 in

1231 1310 1367 1347 principio
1389 1310 1431 1338 sui
1455 1310 1596 1338 modicum
1624 1310 1777 1339 contineret
1798 1317 1937 1343 errorem,
1960 1308 2079 1337 ducebat
2204 1296 2206 1354 i*

1231 1359 1323 1385 tamen
1346 1357 1381 1385 ad
1405 1364 1535 1393 magnum
1553 1357 1577 1391 ‘³3
1598 1360 1624 1385 et
1646 1357 1707 1385 ideo
1729 1359 1879 1385 retractata
1897 1356 1949 1384 fuit
1971 1356 1997 1384 in
2013 1355 2079 1384 Con·
2093 1364 2206 1397 nancta—ti*

1232 1404 1295 1432 cilio
1317 1404 1476 1438 liminensi,
1499 1407 1525 1432 et
1541 1404 1673 1440 magister
1689 1404 1829 1432 Gilbertus
1845 1403 2012 1432 Porretanus
2032 1410 2080 1431 ore
2105 1387 2206 1406 mmm*

1232 1451 1346 1488 proprio
1368 1451 1536 1479 retractavit.
2204 1436 2206 1478 1

1311 1497 1374 1526 Ideo
1388 1497 1440 1525 fuit
1453 1497 1583 1525 sectanda
1605 1497 1697 1534 opinio
1710 1497 1732 1531 ⁰,
1757 1497 1877 1525 multum
1899 1496 2030 1525 differens
2044 1496 2080 1525 ab
2093 1504 2161 1528 Opinio
2174 1504 2192 1522 ε.

1232 1545 1296 1578 ista,
1323 1544 1464 1578 videlicet,
1491 1544 1565 1581 quod
1591 1544 1776 1581 proprietates
1798 1544 1910 1572 omnino
1932 1546 1996 1573 sunt
2020 1551 2080 1581 per·
2205 1540 2206 1548 ¹

1232 1598 1315 1619 sonae
1331 1598 1381 1619 nec
1402 1591 1535 1619 differunt
1554 1591 1606 1619 nisi
1629 1591 1805 1620 solummodo
1827 1591 1853 1619 in
1870 1590 1953 1619 modo
1969 1591 2079 1628 loquen-

1233 1639 1274 1672 di,
1296 1641 1322 1666 et
1344 1641 1452 1666 tantum
1474 1641 1539 1666 sunt
1561 1642 1617 1666 tres
1632 1638 1830 1675 proprietates,
1852 1638 1924 1667 sicut
1944 1640 2009 1667 sunt
2023 1641 2080 1667 tres

1232 1693 1374 1722 personae.
1400 1685 1429 1713 Et
1451 1685 1502 1714 ista.
1523 1685 1622 1721 positio
1643 1685 1758 1714 fundata
1779 1689 1821 1714 est
1842 1686 1969 1714 similiter
1995 1693 2080 1722 super

1232 1732 1355 1760 divinam
1371 1732 1585 1768 simplicitatem.
1601 1732 1671 1768 Quia
1693 1732 1765 1760 enim
1782 1740 1917 1769 personae
1939 1735 2004 1761 sunt
2018 1732 2081 1761 sim-

1232 1779 1412 1815 plicissimae⁷
1428 1786 1457 1807 se
1473 1779 1539 1815 ipsis
1554 1778 1778 1814 distinguuntur,
1800 1782 1827 1807 et
1841 1778 1917 1815 ipsae
1932 1781 1998 1807 sunt
2012 1787 2079 1808 suae

1233 1825 1417 1862 proprietates
1432 1833 1482 1854 nec
1504 1825 1608 1854 hahent
1627 1825 1696 1853 alias
1718 1825 1878 1854 differentes
1893 1833 1936 1860 re,
1958 1826 2007 1855 sed
2022 1826 2080 1855 solo

1233 1872 1315 1900 modo
1338 1871 1476 1908 loquendi.
1501 1872 1531 1900 Et
1552 1872 1604 1900 ista
1627 1871 1725 1908 positio
1746 1871 1798 1899 fuit
1819 1872 1943 1908 magistri
1967 1872 2080 1909 Praepo-

1233 1918 1318 1953 sitivi,
1341 1922 1368 1947 et
1389 1918 1477 1955 magis
1505 1921 1546 1947 est
1567 1918 1721 1955 probabilis
1746 1926 1830 1955 quam
1852 1919 2080 1955 praecedens—
2206 1953 2208 1959 Ι

1234 1966 1357 1994 Attamen
1380 1965 1439 2001 ipsa
1454 1965 1610 2002 improbata
1631 1968 1673 1993 est
1688 1973 1789 2002 supra,
1811 1965 1987 1995 distinctione
2008 1966 2080 2003 vige·
2096 1967 2207 1996 lmprobaui

1234 2012 1303 2040 sima
1325 2016 1405 2041 sexta
1419 2012 1451 2046 ¹⁰,
1481 2013 1547 2049 quia
1568 2020 1624 2040 una
1644 2019 1765 2048 persona
1788 2012 1883 2049 plures
1905 2013 1988 2041 habet
2013 2013 2081 2042 rela-

1298 2309 1306 2323 ⁴
1326 2309 1381 2333 Vide
1398 2317 1467 2339 supra
1487 2311 1509 2333 d.
1528 2310 1602 2333 XXV.
1619 2317 1638 2333 c.
1657 2311 1676 2332 3.
1695 2323 1726 2326 —
1743 2311 1785 2332 Pro
1802 2310 1835 2333 ad
1856 2310 1986 2333 Damasum
2010 2310 2077 2333 codd.

1234 2350 1255 2369 et
1271 2347 1332 2376 odd„
1350 2351 1437 2376 except.
1456 2348 1469 2370 4
1487 2351 1508 2371 et
1527 2349 1547 2377 5,
1565 2348 1597 2371 ad
1614 2348 1756 2378 Philippum.

1296 2386 1306 2400 ⁵
1322 2386 1366 2409 Csr.
1383 2394 1453 2415 supra
1471 2394 1524 2415 pag.
1540 2388 1590 2415 116,
1604 2391 1654 2410 nota
1674 2388 1694 2410 6.
1707 2388 1798 2410 —Mox
1817 2394 1859 2416 pro
1870 2387 2017 2411 substantiae
2030 2388 2079 2410 Vat.

1233 2431 1286 2447 cum
1304 2426 1383 2453 paucis
1401 2426 1468 2448 codd.
1485 2425 1626 2449 substantia.

1295 2463 1305 2478 6
1322 2464 1344 2485 ln
1362 2464 1412 2486 cod.
1431 2464 1463 2486 hb
1480 2468 1502 2487 et
1518 2465 1555 2487 ed.
1575 2465 1582 2486 1
1605 2465 1641 2487 liic
1658 2465 1751 2487 additur
1767 2471 1827 2488 vere.

1295 2502 1304 2516 ⁷
1322 2502 1393 2524 Codd.
1412 2503 1427 2524 E
1437 2503 1467 2525 Fl
1478 2504 1496 2525 Ill
1508 2503 1527 2525 X
1541 2510 1566 2525 aa
1579 2503 1611 2525 bl)
1623 2503 1732 2526 subiecto.

1296 2540 1305 2554 ⁸
1321 2541 1418 2570 Aristot.7
1437 2543 1451 2564 1.
1471 2542 1498 2564 do
1516 2542 1583 2565 Caelo
1601 2546 1622 2565 θῖ
1643 2543 1742 2571 Mundo,
1759 2546 1811 2565 text.
1830 2543 1867 2565 33.
1886 2542 1915 2571 (c.
1934 2543 1978 2571 5.):
1995 2551 2005 2563 α
2023 2543 2080 2571 Qua-

1234 2582 1327 2607 propter
1345 2580 1408 2607 quod
1425 2581 1446 2601 in
1465 2581 1579 2608 principio
1597 2581 1714 2603 modicum
1733 2583 1780 2609 est,
1798 2582 1819 2602 in
1847 2581 1891 2603 tine
1918 2580 1942 2603 fit
1966 2587 2078 2609 perquam

1234 2624 1375 2646 magnum»,
1394 2625 1464 2647 quam
1483 2620 1617 2641 sententiam
1636 2620 1750 2641 Averroes
1768 2620 1789 2641 in
1808 2626 1850 2641 suo
1868 2619 2039 2642 Commentario
2057 2620 2078 2641 in

1234 2658 1294 2679 hunc
1311 2658 1386 2679 locum
1405 2658 1436 2679 sic
1454 2659 1576 2685 cxprImit:
1598 2666 1607 2677 «ι
1622 2659 1730 2680 minimus
1748 2664 1812 2680 orror
1830 2659 1851 2680 in
1869 2658 1988 2686 principiis
2004 2658 2040 2680 vel
2058 2659 2078 2680 in

1234 2697 1346 2724 principio
1363 2698 1395 2718 rei
1407 2700 1440 2719 ost
1452 2703 1551 2724 magnus
1563 2698 1585 2718 in
1599 2697 1677 2719 ultimo
1691 2706 1711 2719 ι».
1724 2697 1784 2719 Haec
1797 2698 1905 2719 Averrois
1917 2697 1988 2719 verba
2001 2700 2078 2725 postea

1233 2733 1296 2761 apud
1314 2734 1464 2756 Scliolasticos
1481 2735 1663 2763 frequentissima
1682 2738 1752 2757 erant.
1769 2747 1801 2751 -—-
1819 2736 1887 2757 Paulo
1904 2738 1955 2757 ante
1973 2741 2016 2764 pro
2028 2741 2080 2758 con-

1233 2771 1317 2795 tineret
1334 2773 1381 2795 Vat.
1400 2779 1453 2795 cum
1470 2773 1585 2802 aliquibus
1603 2774 1669 2796 codd.
1688 2777 1710 2795 et
1727 2774 1763 2796 ed.
1787 2774 1791 2795 l
1813 2773 1921 2797 continet.

1295 2810 1305 2823 ⁹
1322 2810 1393 2833 Codd.
1412 2811 1447 2833 IY
1464 2814 1486 2833 et
1502 2812 1538 2834 od.
1561 2813 1566 2834 1
1585 2811 1677 2841 positio.
1705 2812 1774 2834 Paulo
1799 2812 1893 2834 interius
1919 2814 1969 2834 ante
1996 2817 2077 2834 vocem

1234 2850 1328 2872 tantum
1345 2850 1396 2872 cod.
1414 2851 1432 2872 T
1451 2852 1530 2879 repetit
1549 2851 1617 2880 quod.

1296 2887 1314 2902 ¹0
1332 2889 1422 2916 Quaest.
1442 2890 1487 2912 l-3.
1497 2891 1587 2913 —Post
1602 2891 1709 2913 Attamen
1723 2892 1743 2912 in
1757 2891 1819 2912 initio
1832 2891 1900 2912 liuius
1917 2895 2010 2918 propos.
2027 2889 2078 2912 cod.

1235 2927 1239 2948 l
1258 2930 1279 2948 ot
1296 2927 1331 2949 ed.
1355 2928 1359 2949 1
1381 2928 1503 2951 subiiciunt
1521 2931 1548 2952 et.
