2215 3404
54 1023 143 1042 Hilarius.

28 1538 144 1562 Explicatur.

743 213 825 241 DlST.
847 212 935 241 XXIX.
958 212 1080 242 DIVISIO
1101 213 1121 240 Τ
1124 212 1238 242 EXTUS.

156 291 253 317 Filium
273 290 437 325 principium
457 293 504 321 est,
524 290 587 324 quia
607 290 698 323 genuit
716 297 786 316 eum.
799 290 893 316 Utrum
913 292 1002 316 autem

158 337 184 360 et
203 333 235 360 ad
265 333 394 367 Spiritum
423 335 546 359 sanctum
574 332 738 367 principium
766 332 801 358 sit
827 332 918 363 Pater,
938 332 1003 366 quia

158 376 259 403 dietum
279 379 333 402 est:
352 377 390 402 De
408 376 489 402 Patre
504 374 642 410 procedit,
656 382 708 401 non
722 382 806 409 parva
819 375 940 408 quaestio
955 378 1002 401 est.

158 419 232 450 Quod
252 419 273 445 si
293 419 331 445 ita
351 422 402 450 est,
430 426 482 444 non
512 419 565 445 iam
592 418 757 452 principium
777 418 820 445 ei¹
843 421 944 444 tautum
963 418 1002 445 rei

158 462 217 493 erit,
230 468 311 496 quam
325 461 408 496 gignit
427 461 467 487 vel
481 461 557 492 facit,
571 460 618 487 sed
638 463 663 487 et
677 460 714 492 ei,
735 467 815 494 quam
836 460 881 486 dat
895 463 921 486 et
933 467 1002 494 quae

158 504 282 538 procedit
301 504 334 531 ab
354 504 421 538 ipso.
441 503 468 530 Si
492 510 554 537 ergo
574 503 647 537 quod
673 503 752 529 datur
781 503 823 529 vel
842 503 915 537 quod
944 510 1003 537 pro-

158 547 230 574 eedit
248 547 412 581 principium
432 546 527 578 habet,
547 553 560 572 a
582 553 634 580 quo
654 546 733 572 datur
752 546 794 572 vel
813 546 945 580 procedit,
965 546 1003 572 sa-

158 590 267 617 tendum
287 593 338 623 est,
358 590 461 616 Patrem
481 592 507 615 et
534 589 630 615 Filium
661 589 824 623 principium
845 596 903 615 esse
922 589 1003 622 Spiri-

159 636 200 660 tus
219 633 318 664 saneti,
338 640 390 658 non
409 632 462 658 duo
483 632 624 665 principia.
638 631 690 658 Sed
703 632 773 658 sicut
785 632 862 658 Pater
876 634 901 658 et
919 632 1002 658 Filius

158 676 193 702 ad
212 679 364 702 ereaturam
393 675 502 701 relative
531 682 600 701 unus
619 677 725 701 creator
745 677 770 701 et
791 682 858 701 unus
878 674 1002 700 dominus

157 719 270 750 dicitur,
289 718 329 744 sic
348 718 458 745 relative
477 717 511 744 ad
531 717 659 751 Spiritum
688 720 810 743 sanctum
830 724 912 743 unum
932 717 1003 751 prin-

157 761 267 796 cipium.
286 761 327 787 Ad
346 763 497 788 creaturam
517 768 580 787 vero
600 760 677 787 Pater
697 764 722 787 et
740 760 823 786 Filius
843 763 867 786 et
887 760 1002 794 Spiritus

157 807 266 831 sanetus
285 811 368 830 unum
387 803 552 838 principium
571 806 646 834 sunt,
674 803 744 829 sieut
762 810 832 829 1111115
851 805 957 829 creator
977 806 1003 829 et

156 855 226 874 uuus
254 846 414 873 dominus».
442 846 512 872 Ecce
531 845 630 877 habes,
650 845 723 879 quod
742 846 819 871 Pater
838 845 1001 879 principium

157 890 217 917 Filii
238 890 351 922 dicitur,
377 889 440 924 quia
469 889 560 922 genuit
588 896 657 915 eum.
677 888 733 920 Qua
753 896 817 922 ergo
836 889 944 915 notione
964 892 1003 915 est

157 933 251 965 Pater,
271 940 302 959 ea
321 932 484 966 principium
504 931 565 957 Filii
585 931 692 963 dieitur,
712 931 739 957 id
759 934 799 957 est
816 931 1002 965 generatione,

157 975 305 1002 seeundum
325 982 405 1009 quam
426 975 506 1001 etiam
526 974 625 1001 dieitur
643 977 737 1000 auctor
755 974 823 1000 Filii.
837 974 913 1000 Unde
932 974 1003 1000 Hila-

157 1018 214 1045 rius
233 1018 259 1044 in
279 1021 374 1052 quarto
393 1017 461 1044 libro
475 1017 508 1044 de
522 1017 648 1043 Trinitate
660 1017 668 1030 ²
683 1017 732 1043 ait:
757 1028 768 1039 «
780 1017 838 1051 lpso
858 1024 912 1051 quo
926 1017 1003 1043 Pater

158 1061 270 1093 dieitur,
292 1061 349 1088 eius
368 1068 447 1095 quem
467 1060 558 1094 genuit.
577 1063 670 1087 auctor
683 1060 846 1091 ostenditur,
866 1060 893 1086 id
908 1067 1002 1086 nomen

158 1104 274 1137 habens,
294 1104 366 1138 quod
386 1110 473 1138 neque
492 1111 525 1129 ex
544 1103 596 1130 alio
616 1103 765 1137 profectum
786 1102 963 1136 intelligatur,
978 1106 1004 1129 et

158 1154 191 1173 ex
222 1154 276 1181 (1110
304 1147 327 1172 15
354 1146 400 1180 (1111
432 1146 536 1179 genitus
567 1149 623 1177 est,
655 1145 804 1172 substitisse
836 1145 964 1171 doceatur
979 1156 1002 1170 n.

163 1189 260 1216 «Novit
279 1189 399 1215 Ecclesia
419 1196 502 1215 unum
522 1188 707 1215 innascibilem
736 1189 835 1221 Deum,
855 1188 928 1214 novit
948 1188 1005 1214 11111-

157 1232 274 1265 genitum
294 1232 340 1258 Dei
359 1232 464 1258 Filium.
484 1231 629 1258 Confitetur
648 1232 752 1257 Patrem
775 1231 808 1257 ab
823 1231 924 1264 origine
942 1231 1004 1257 libe<

157 1282 225 1307 rum,
239 1275 380 1301 confitetur
400 1278 425 1301 et
444 1274 503 1300 Filii
523 1275 653 1307 originem
673 1274 706 1300 ab
727 1274 816 1305 initio⁷
836 1282 887 1300 non
914 1274 1002 1308 ipsum

158 1317 192 1344 ah
212 1318 301 1350 initio,
327 1318 374 1344 sed
399 1317 432 1344 ab
453 1317 621 1348 ininitiabili,
641 1324 694 1343 non
713 1324 762 1351 per
785 1324 813 1343 se
834 1317 920 1350 ipsum
933 1338 939 1348 ,
958 1316 1004 1342 sed

157 1360 191 1387 ab
212 1368 242 1387 eo
263 1361 308 1395 qui
329 1368 344 1387 a
363 1361 468 1387 nemine
494 1363 550 1393 est,
577 1363 668 1386 uatum
697 1359 731 1386 ab
759 1363 885 1391 aeterno,
913 1360 1004 1385 nativi-

157 1407 238 1430 tatem
258 1404 360 1430 scilicet
379 1411 413 1430 ex
431 1406 542 1437 paterna
561 1402 717 1429 aeternitate
743 1405 900 1428 sumentem.
926 1402 1004 1428 Edita

159 1450 198 1473 est
217 1447 262 1473 hic
281 1446 343 1473 fidei
363 1446 508 1480 professio,
537 1445 584 1472 sed
603 1445 777 1480 professionis
796 1445 864 1471 ratio
885 1445 1003 1471 nondum

159 1489 281 1524 exposita
306 1492 345 1515 est
356 1497 379 1520 »3
409 1491 434 1515 et
454 1488 513 1514 ideo
540 1488 708 1522 quaerenda,
737 1488 840 1514 scilicet
868 1487 1003 1522 quomodo

158 1531 359 1565 intelligendum
374 1531 408 1557 sit
421 1531 491 1565 quod
507 1531 552 1563 ait,
572 1531 631 1556 Filii
651 1531 780 1565 originem
795 1538 852 1557 esse
873 1531 906 1557 ab
921 1530 1003 1561 initio,

158 1578 184 1601 et
198 1582 249 1601 nou
264 1575 351 1609 ipsum
372 1582 430 1601 esse
450 1575 484 1601 ab
498 1575 581 1606 initio,
592 1574 638 1600 sed
654 1574 687 1600 ab
706 1573 867 1600 ininitiabili.
882 1574 937 1599 Hoc
956 1573 1005 1599 uti-

158 1625 211 1652 que
231 1618 349 1644 subdens
368 1618 563 1650 determinavit,
578 1617 712 1652 quomodo
733 1617 869 1651 acceperit
881 1615 1002 1646 inicium,

157 1661 295 1695 inquiens,
315 1661 444 1694 originem
464 1661 523 1686 Filii
553 1668 610 1687 esse
630 1660 664 1687 ab
684 1660 773 1692 initio⁷
793 1667 824 1686 ae
844 1660 866 1685 si
887 1659 1002 1686 diceret:

156 1713 209 1732 non
229 1705 265 1731 ita
289 1705 429 1738 intelligas,
449 1705 578 1738 originem
607 1704 666 1731 Filii
687 1712 744 1731 esse
764 1704 797 1731 ab
817 1704 906 1736 initio,
926 1704 1003 1737 quasi

1848 218 1906 245 507

1060 290 1118 324 ipse
1136 290 1220 316 Filius
1239 290 1337 316 habeat
1356 290 1468 323 initium,
1479 291 1525 317 sed
1540 292 1603 325 quia
1623 292 1680 326 ipse
1693 295 1733 319 est
1745 293 1778 319 ab
1793 293 1904 320 ininitia-

1060 332 1121 364 bili,
1141 332 1167 358 id
1187 335 1226 359 est
1246 340 1260 359 a
1280 333 1365 365 Patre,
1385 341 1400 360 a
1419 341 1472 368 quo
1501 337 1562 360 sunt
1581 335 1677 361 omnia.
1697 335 1764 361 Nam
1784 336 1846 362 licet
1865 337 1905 362 Fi-

1059 374 1111 401 lius
1130 375 1164 401 sit
1182 375 1346 410 principium
1375 376 1409 402 de
1428 377 1577 410 principio,
1606 384 1657 403 uon
1678 380 1717 404 est
1736 381 1824 404 tamen
1844 386 1905 404 con-

1060 417 1222 449 cedendum,
1251 418 1322 452 quod
1352 418 1435 445 Filius
1463 419 1561 445 habeat
1588 419 1759 453 principium.
1784 420 1904 455 Cumque

1059 460 1142 487 Filius
1161 461 1195 487 sit
1214 461 1377 495 principium
1391 461 1423 487 (le
1438 462 1586 495 principio,
1600 465 1626 488 et
1644 462 1721 488 Pater
1739 463 1903 497 principium

1058 510 1110 529 11011
1140 503 1173 529 de
1201 503 1348 537 principio,
1378 512 1430 530 non
1458 508 1497 531 est
1525 505 1689 539 principium
1715 505 1748 532 de
1768 506 1902 540 principio

1058 547 1223 581 principium
1242 547 1299 573 sine
1318 547 1469 581 principio,
1489 548 1558 574 sicut
1576 548 1659 574 Filius
1682 556 1734 575 non
1754 552 1792 575 est
1812 549 1903 580 Pater;

1060 595 1147 622 neque
1166 589 1219 615 duo
1241 593 1327 616 tamen
1346 590 1494 624 principia,
1514 590 1559 616 sed
1581 598 1678 623 unum,
1699 591 1769 617 siout
1788 592 1865 618 Pater
1879 595 1905 617 et

1060 631 1143 658 Filius
1163 639 1213 658 non
1234 632 1288 658 duo
1308 635 1458 664 creatores,
1477 633 1524 659 scd
1545 641 1614 659 unus
1633 637 1747 660 creator.

1420 734 1481 760 Cin).
1501 735 1542 761 IV.

1177 831 1224 857 An
1243 830 1335 857 eadem
1353 831 1462 857 notione
1481 832 1561 858 Pater
1581 836 1604 858 el
1624 831 1713 859 Filius
1733 832 1788 859 sim

1268 873 1440 908 yffineipiiim
1460 874 1579 908 Spiritus
1598 874 1692 901 saneti.

1130 975 1217 1001 Unum
1249 977 1336 1001 autem
1367 975 1530 1009 principium
1563 978 1624 1001 sunt
1659 976 1736 1002 Pater
1771 979 1796 1002 et
1823 976 1907 1002 Filius

1059 1025 1111 1044 non
1141 1021 1242 1044 tautum
1268 1021 1465 1049 creaturarum,
1496 1021 1525 1044 ut
1552 1018 1654 1044 dictum
1678 1022 1717 1044 est
1739 1026 1838 1053 supra,
1859 1019 1905 1045 sed

1060 1061 1140 1087 etiam
1160 1060 1275 1094 Spiritus
1294 1062 1393 1092 saneti;
1414 1060 1473 1087 ideo
1494 1062 1588 1095 quaeri
1608 1061 1688 1092 solet,
1708 1064 1797 1088 utrum
1812 1062 1905 1088 eadem

1060 1104 1167 1130 notione
1186 1104 1263 1130 Pater
1283 1104 1316 1129 sit
1335 1104 1498 1138 principium
1523 1104 1639 1138 Spiritus
1658 1105 1743 1130 sancti
1764 1107 1788 1130 et
1808 1104 1905 1138 Filius,

1060 1153 1093 1173 an
1113 1147 1147 1172 sit
1166 1146 1218 1173 alia
1237 1147 1322 1177 notio,
1343 1154 1395 1180 qua
1415 1147 1492 1173 Pater
1512 1147 1617 1173 dicatur
1640 1147 1803 1181 prIneipium
1823 1147 1904 1181 Spiri-

1061 1192 1103 1215 tus
1122 1189 1215 1220 sanoti,
1229 1192 1255 1216 et
1269 1189 1330 1221 alia,
1344 1196 1396 1223 qua
1410 1189 1501 1215 Filius.
1514 1204 1549 1208 —
1563 1189 1602 1215 Ad
1616 1190 1687 1224 quod
1705 1189 1829 1223 dicimus,
1843 1198 1904 1216 eum

1059 1232 1137 1258 Pater
1150 1232 1255 1258 dicatur
1268 1232 1432 1266 principium
1443 1232 1558 1266 Spiritus
1571 1232 1655 1258 saneti
1669 1235 1694 1258 et
1706 1232 1788 1259 Filius
1796 1248 1832 1251 —
1842 1233 1905 1267 qnia

1060 1274 1176 1308 Spiritus
1189 1277 1298 1301 sanctus
1311 1275 1434 1309 procedit
1445 1275 1486 1301 vel
1497 1275 1576 1301 datur
1589 1275 1622 1302 ab
1634 1278 1757 1309 utroque,
1768 1283 1816 1302 uec
1828 1276 1905 1302 aliter

1060 1318 1183 1352 procedit
1202 1318 1243 1344 vel
1263 1318 1342 1344 datur
1356 1325 1369 1343 a
1384 1318 1461 1344 Patre
1475 1325 1555 1352 quam
1570 1326 1584 1344 a
1597 1318 1663 1344 Filio
1673 1325 1781 1345 ——sane
1795 1318 1903 1352 intelligi

1060 1363 1162 1394 potest,
1181 1360 1286 1386 Patrem
1306 1363 1331 1386 et
1350 1360 1445 1386 Filium
1468 1360 1560 1386 eadem
1585 1360 1713 1387 relatione
1736 1360 1777 1387 vel
1799 1361 1905 1387 notione

1061 1402 1115 1429 diei
1134 1402 1298 1437 principium
1325 1402 1439 1436 Spiritus
1459 1403 1550 1429 sancti.
1570 1418 1605 1421 —
1624 1403 1649 1429 Si
1671 1410 1734 1429 vero
1758 1403 1905 1437 quaeritur,

1061 1453 1131 1479 quae
1150 1446 1184 1472 sit
1203 1446 1247 1472 illa
1261 1446 1346 1477 notio,
1367 1453 1446 1480 quam
1467 1446 1503 1472 ibi
1518 1445 1789 1480 notatprincipium,
1810 1453 1906 1472 nomen

1061 1489 1119 1515 eius
1139 1497 1190 1515 non
1219 1489 1379 1521 11111101111155,
1408 1489 1454 1515 sed
1483 1496 1535 1515 non
1555 1492 1594 1516 est
1613 1489 1671 1523 ipsa
1698 1489 1843 1523 paternitas
1863 1489 1906 1515 vel

1061 1532 1169 1563 filiatio,
1189 1532 1270 1558 immo
1290 1532 1362 1558 notio
1382 1532 1523 1565 quaedam,
1538 1532 1624 1566 quae4
1638 1532 1723 1558 Patris
1736 1535 1776 1558 est
1794 1535 1820 1558 et
1832 1532 1905 1563 Filii,

1061 1582 1112 1609 qua
1133 1575 1166 1601 ab
1187 1578 1295 1601 aeterno
1316 1576 1393 1601 Pater
1412 1578 1438 1601 et
1457 1575 1539 1601 Filius
1559 1582 1641 1601 111111111
1661 1575 1825 1609 principium
1845 1578 1906 1601 sunt

1060 1618 1175 1651 Spiritus
1195 1618 1288 1644 sancti.
1308 1618 1426 1644 Donator
1450 1621 1554 1649 autem,
1582 1621 1611 1644 ut
1639 1617 1806 1652 praedictum
1827 1620 1866 1643 est
1881 1617 1904 1650 ⁵,

1061 1660 1160 1686 dicitur
1186 1661 1263 1687 Pater
1293 1661 1333 1687 vel
1361 1661 1445 1687 Filius
1473 1668 1505 1687 ex
1535 1664 1670 1695 tempore,
1701 1661 1771 1687 sicut
1790 1660 1906 1694 Spiritus

1061 1707 1169 1730 sanctus
1189 1704 1280 1730 datum
1300 1704 1342 1731 vel
1363 1704 1499 1730 donatum.

431 1862 868 1910 COMMENTARIUS
903 1862 965 1909 IN
997 1862 1435 1910 DISTINGTIONEM
1468 1864 1628 1911 XXIX.

170 1990 215 2022 De
243 1989 421 2034 proprietate
446 2000 508 2022 uon
533 1989 703 2034 personali,
731 2000 809 2034 quae
835 1995 880 2022 est
906 1990 1076 2022 eommunis
1103 1989 1244 2034 spiratio⁷
1272 1989 1439 2034 signitieata
1464 2001 1517 2034 per
1542 2001 1653 2023 nomen
1676 1991 1893 2033 principium.

534 2106 585 2134 Est
600 2109 755 2142 praeterea
775 2106 860 2134 alind
879 2114 999 2139 nornen,
1020 2105 1208 2142 multiplicem
1227 2110 1334 2134 ‘notans
1354 2105 1531 2134 relutimtem.

891 2245 1013 2274 DIVISIO
1035 2246 1172 2274 TEXTUS.

238 2357 328 2393 Supra
349 2356 404 2393 egit
425 2355 553 2393 Magister
575 2356 609 2384 de
624 2356 794 2393 proprietate
815 2364 869 2384 non
882 2356 889 2370 ¹
910 2364 1003 2392 perso-

160 2403 234 2435 nali.
256 2410 328 2440 quae
348 2405 390 2431 est
421 2402 645 2431 innascibilitas.
677 2403 724 2431 Hic
745 2403 868 2431 secundo
889 2403 946 2439 agit
967 2403 1001 2431 de

158 2449 329 2486 proprietate
360 2449 418 2478 sive
450 2449 559 2477 notione
588 2458 643 2477 non
674 2449 829 2486 personali⁷
861 2457 933 2486 quae
963 2452 1005 2478 est

160 2496 316 2525 communis
338 2496 467 2533 spiratio,
490 2496 639 2532 significata
660 2504 710 2533 per
731 2496 784 2525 hoc
805 2504 906 2525 nomen
924 2497 1007 2533 prin-

161 2542 280 2579 cipium.
310 2542 340 2570 Et
368 2542 499 2579 quoniam
531 2543 601 2571 illud
632 2550 732 2571 nomen
753 2551 808 2571 non
830 2546 938 2571 tantum
959 2552 1007 2571 110-

1062 2355 1207 2384 tiomtlitm·
1229 2355 1382 2392 accipitur,
1404 2355 1490 2383 immo
1510 2355 1593 2383 etiam
1615 2355 1821 2389 essentialiter,
1844 2355 1907 2384 ideo

1061 2402 1206 2439 distinguit
1224 2402 1323 2439 primo
1345 2402 1430 2431 11111115
1452 2402 1571 2431 nominis
1593 2402 1841 2439 multiplicitatem,
1867 2412 1907 2431 se-

1062 2449 1157 2477 eundo
1181 2449 1338 2478 manifestat
1370 2449 1454 2478 huius
1485 2449 1604 2477 nominis
1632 2450 1782 2483 unitatem,
1811 2457 1907 2478 secun-

1063 2496 1132 2525 dum
1159 2497 1234 2533 quod
1256 2496 1359 2525 dicitur
1380 2496 1415 2525 de
1437 2497 1516 2525 Patre
1537 2499 1564 2524 et
1585 2496 1651 2524 Filio
1672 2501 1800 2533 respectu
1822 2497 1905 2533 Spiri-

1063 2546 1110 2572 tus
1131 2543 1226 2578 sancti,
1248 2544 1414 2579 ostendens,
1437 2543 1512 2580 quod
1534 2546 1599 2571 sunt
1621 2551 1708 2571 unum
1737 2543 1904 2580 principium

226 2745 233 2759 1
252 2745 281 2767 lta
304 2746 340 2767 liic
365 2749 387 2767 ct
412 2745 480 2773 paulo
506 2746 600 2767 inferius
625 2752 705 2767 omnes
726 2746 793 2768 codd.
817 2752 870 2768 cum
890 2746 1005 2774 originali3

163 2784 203 2806 scd
220 2790 300 2806 ornnes
317 2784 369 2806 edd.
387 2784 422 2806 bis
444 2784 528 2806 liabent
544 2784 593 2807 eius
611 2791 652 2812 pro
670 2784 696 2807 ei.
712 2785 798 2807 Deinde
814 2787 866 2812 post
874 2785 970 2808 Patrem
985 2786 1006 2807 el

163 2821 251 2845 Filium
276 2828 357 2844 omnes
381 2822 446 2851 edd.y
472 2826 565 2850 excepta
592 2824 616 2851 l,
639 2823 727 2845 addunt
750 2830 839 2851 mrum,
862 2824 903 2845 sed
929 2826 1006 2845 eontra

163 2862 273 2889 originale
290 2864 311 2883 et
328 2861 395 2884 codd.
414 2862 515 2890 Denique
532 2862 609 2889 plures
626 2862 693 2885 codd.
715 2865 737 2884 et
753 2862 806 2885 edd.
827 2863 851 2891 2,
870 2863 894 2891 3,
914 2862 926 2884 4-

163 2901 267 2928 originali
284 2901 391 2923 omittunt
406 2901 464 2922 ,sttnt
479 2903 530 2923 ante
546 2900 606 2924 sicul
622 2907 686 2924 rimus
703 2902 803 2924 creator.

227 2939 236 2953 ²
253 2939 318 2961 Num.
337 2940 358 2961 9.
376 2939 439 2961 Alius
456 2940 520 2961 locus
537 2942 571 2961 est
587 2939 642 2962 ibid.
661 2946 683 2962 n.
701 2941 722 2962 6.

226 2978 236 2992 ³
254 2978 379 3006 Receptum
402 2981 435 3000 est
461 2984 543 3000 nornen
568 2978 673 3007 spii-atto,
694 2982 852 3001 consecratum
869 2985 881 3001 a
906 2978 1006 3001 Concilio

952 2869 1005 2884 cuni

1063 2746 1211 2774 Lugdunensi
1230 2746 1253 2767 ll.
1272 2746 1316 2773 (nn.
1339 2745 1413 2774 tem:
1427 2746 1542 2773 «Spiritus
1559 2749 1673 2767 sanctus...
1693 2751 1736 2766 non
1755 2744 1846 2766 duabus
1863 2745 1906 2772 spi-

1062 2785 1200 2812 rationibus,
1218 2785 1259 2807 scd
1277 2786 1342 2807 unica
1360 2785 1484 2812 spiratione
1502 2784 1635 2812 procedit».

1126 2824 1134 2838 ⁴
1151 2825 1201 2846 Vnt.
1220 2825 1266 2846 sola
1284 2825 1366 2847 omittit
1383 2830 1457 2853 qitcte,·
1474 2824 1542 2851 paulo
1560 2824 1653 2845 inferius
1670 2823 1750 2845 eadem
1773 2829 1826 2844 ‹Jum
1853 2822 1904 2844 cod.

1063 2862 1079 2885 C
1096 2865 1118 2884 et
1135 2863 1183 2884 nliis
1200 2863 1260 2890 edd.⁷
1278 2865 1370 2890 excepta
1393 2863 1413 2889 1,
1432 2863 1465 2884 est
1482 2869 1523 2889 pro
1541 2862 1603 2884 sant.

1126 2901 1135 2915 ⁵
1152 2901 1206 2924 Dist.
1224 2902 1283 2923 XlV.
1301 2902 1351 2924 XV.
1370 2902 1446 2923 XVlll.

1274 2938 1369 2961 NOTAE
1386 2938 1423 2961 AD
1441 2937 1686 2962 COMMENTARIUM.

1126 2978 1132 2992 ¹
1151 2978 1173 3000 ln
1191 2984 1235 3000 non
1255 2979 1333 3006 paucis
1350 2984 1404 3000 mss.
1422 2981 1443 3000 et
1460 2978 1495 3000 ed.
1518 2978 1522 2999 1
1544 2977 1687 2999 desideratur
1704 2982 1758 2999 non.

1927 1412 2034 1439 ,1113111110-

1954 1438 1998 1454 sito⁴
