2215 3404
214 1625 337 1644 Aumstinus.

210 2188 340 2211 Hieronymus.

332 172 388 199 810

334 256 386 274 non
406 250 490 275 05501,
510 252 571 272 cum
591 244 648 271 0105
669 243 791 269 voluntas
810 242 943 268 luunanae
964 240 1109 267 voluntatis
1123 239 1183 266 elle-⁴

334 294 378 317 010
398 289 583 324 impediretur.
603 287 720 320 Ideoque
741 293 791 312 non
812 284 977 316 concedunt,
998 284 1081 310 Deum
1113 282 1181 310 velle

335 333 404 359 mala
426 331 494 361 lieri,
515 338 546 357 nc
567 330 697 356 malorum
719 330 812 355 auctor
839 326 1017 359 intelligatur;
1044 333 1092 352 nec
1118 333 1182 352 eon-

336 375 451 406 00101οι,
471 381 531 400 eum
552 373 619 399 velle
639 372 708 398 mala
730 379 780 397 non
801 370 858 396 lieri
886 370 926 396 vel
957 369 1027 396 nolle
1047 369 1119 401 sieri,
1149 376 1181 395 nc

337 420 468 452 impotens
489 424 546 443 esse
566 415 700 444 videatur:
721 414 767 441 sed
789 417 889 440 tantum
909 413 1015 444 dicunt,
1042 419 1102 438 eum
1130 419 1181 438 non

337 461 404 487 velle
426 460 494 487 mala
514 459 583 489 lieri,
604 461 633 485 ut
647 465 698 484 non
713 460 814 487 auctor,
829 456 874 482 sed
889 455 1035 490 permissor
1049 454 1181 481 malorum

337 506 506 529 monstretur.
526 501 601 527 Unde
620 504 646 527 et
665 499 846 533 Evangelista,
875 499 921 525 ubi
946 497 1073 530 ostendit,
1099 498 1182 523 Deum

338 549 474 572 auctorem
495 551 552 570 0550
572 543 691 569 omnium
712 542 852 574 bonorum,
873 540 995 567 dicens¹2
1018 539 1116 567 Omnia
1135 547 1184 574 per

339 588 426 623 [psum
452 587 523 622 [hela
548 590 628 616 smil,
658 588 853 619 consequenter
884 584 1015 610 malornm
1045 586 1182 610 auctorem

339 638 396 657 0550
417 632 492 663 negat
514 629 618 655 dicens:
640 629 673 655 El
691 627 749 653 sine
770 627 826 662 ipso
851 626 953 661 soccum
983 629 1019 651 est
1048 624 1137 656 nillil,
1158 625 1184 651 id

339 677 376 699 est
398 676 547 707 peccatum.
567 672 624 698 Non
645 671 727 702 dixit,
747 677 795 704 per
815 677 875 696 eum
896 669 994 696 sactum
1015 675 1085 700 esse,
1098 668 1139 695 vel
1154 675 1185 695 eo

340 716 444 743 nolente
465 719 490 742 01.
510 715 609 745 invito,
629 714 676 741 sed
700 717 800 740 tantum
821 713 877 739 sinc
897 719 945 743 eo,
960 711 985 737 id
1001 711 1110 737 estsine
1128 711 1186 737 cius

341 759 487 789 munitate,
508 758 571 792 quia
592 765 643 783 non
664 757 721 783 0105
743 756 879 782 voluntate
904 755 931 780 lit
955 757 1104 788 peccatum.
1128 753 1185 780 Non

341 809 403 834 ergo
423 802 477 827 Deo
499 800 599 826 volente
629 799 670 825 vel
699 799 820 829 nolente,
841 798 886 824 scd
908 805 962 824 non
992 797 1093 823 volente
1122 796 1188 822 liunt

341 845 425 877 mala,
445 844 507 878 quia
529 851 579 869 non
606 842 698 869 subest
726 842 771 868 Dei
802 841 946 871 voluntati,
967 843 994 866 ut
1014 840 1114 866 malum
1141 840 1189 875 fiat

342 888 383 914 vel
404 896 458 913 non.
475 888 537 921 siat,
558 886 604 912 sed
626 889 654 912 ut
671 884 734 920 liert?
752 883 840 914 sinat,
855 884 917 917 quia
931 883 1030 909 bonum
1048 886 1087 909 cst
1100 883 1188 909 sinere

342 930 410 956 mala
432 929 500 959 lieri:
522 932 547 955 et
566 929 658 962 utique
679 928 771 954 volens
800 927 875 958 sinit,
902 934 953 953 non
978 926 1069 952 rolens
1094 925 1189 956 mala,

343 973 389 1000 sed
410 973 501 999 volens
520 971 638 1002 sino-0²,
659 975 687 997 ut
708 971 765 1005 ipsa
785 970 861 1001 [iant;
882 970 945 1004 quia
966 976 1015 996 nec
1034 969 1110 995 mala
1129 972 1191 995 sunt

343 1018 426 1045 bona.
448 1023 495 1043 nee
515 1024 545 1041 eu,
562 1015 624 1050 fiere?
644 1014 684 1041 vel
705 1021 762 1041 0550
783 1014 881 1040 bonum
903 1017 949 1040 est.

707 1100 767 1126 CAr.
787 1100 828 1126 IV.

420 1186 557 1220 Quomodo
579 1185 785 1221 z'ulellz'yenslzem
805 1184 839 1211 se‘l
861 1184 932 1211 illaad
950 1183 1112 1219 ,tztgszzstinl:

599 1229 672 1255 mula
689 1228 752 1263 liert?
771 1228 868 1254 bamam
893 1232 937 1254 est.

416 1316 490 1347 Quod
511 1323 574 1342 voro
595 1315 758 1348 Augustinus
770 1313 778 1325 ⁵³
799 1314 846 1340 ait:
869 1313 935 1340 Mala
957 1313 1011 1339 lieri
1031 1313 1130 1339 bonum
1145 1316 1192 1343 est,

346 1368 395 1387 nec
415 1360 565 1386 sinerentur
586 1358 654 1385 mala
675 1358 708 1384 ab
731 1357 907 1391 ‹unniptdcnti
936 1357 1009 1383 Bono
1040 1356 1095 1383 lieri
1108 1377 1114 1387 ‚
1142 1356 1192 1382 nisi

347 1404 397 1430 hoc
417 1406 486 1430 esset
507 1402 620 1431 bomun,
635 1405 663 1427 ut
683 1408 713 1427 ea
728 1404 827 1431 essentg
849 1408 879 1426 ea
900 1400 1003 1426 ratione
1018 1399 1119 1426 dictum
1134 1407 1193 1426 esse

347 1450 486 1477 asserunt,
507 1446 569 1480 quia
590 1452 622 1471 ex
642 1444 733 1475 malis,
747 1451 816 1478 quae
839 1443 918 1475 liunt,
933 1443 1003 1469 Deus
1018 1443 1086 1469 bona
1103 1442 1192 1471 elicit:

347 1497 396 1516 nec
417 1490 473 1523 ipse
493 1488 660 1523 permitteret
674 1494 703 1513 ea
725 1486 799 1517 sieri,
819 1486 869 1512 nisi
883 1486 915 1512 de
936 1486 974 1511 eis
988 1485 1070 1511 boni⁴
1091 1485 1193 1519 aliquid

348 1535 454 1559 laceret.
476 1531 550 1558 Unde
570 1530 735 1564 Augustinus
756 1529 780 1555 in
795 1529 889 1555 eodem
904 1528 971 1554 libro
990 1528 1163 1554 Enchiridion
1176 1528 1194 1560 ⁵,

348 1578 439 1609 aperte
460 1574 593 1605 indicans,
613 1573 813 1607 praedictorum
835 1572 978 1598 verborum
995 1571 1072 1597 talem
1088 1578 1145 1597 0550
1160 1571 1195 1597 in-

349 1618 537 1652 telligentiam,
564 1617 614 1643 ait:
633 1617 729 1642 «Deus
757 1616 940 1649 omnipotens,
962 1615 1004 1640 cui
1036 1621 1125 1640 rerum
1155 1617 1195 1640 est

348 1668 452 1688 summa
472 1663 604 1694 potestas,
625 1666 686 1685 eum
705 1665 809 1685 summe
828 1658 914 1684 bonus
942 1657 990 1687 sil,
1017 1656 1088 1683 nullo
1115 1657 1194 1683 modo

347 1705 453 1735 sineret,
473 1702 575 1737 aliquid
595 1702 657 1728 mali
678 1708 735 1727 esse
756 1701 782 1727 in
802 1700 930 1734 operibus
950 1700 1018 1731 5015,
1040 1699 1088 1725 nisi
1110 1706 1195 1734 usque

348 1748 414 1774 adeo
435 1749 504 1773 esset
523 1746 692 1779 omnipotens
713 1748 735 1771 et
752 1744 853 1776 bonus,
873 1747 903 1770 ut
916 1744 982 1770 bene
1000 1742 1101 1769 faceret
1115 1744 1194 1769 ctiam

347 1791 380 1817 de
408 1790 514 1816 malo».
539 1789 603 1814 Item
634 1788 659 1813 in
689 1787 797 1813 codem:
827 1786 944 1812 «Melius
973 1785 1102 1812 iudicavit
1125 1786 1196 1812 Deus

347 1834 380 1860 de
400 1833 477 1859 malis
497 1832 567 1858 bona
587 1831 675 1857 facere
701 1837 782 1864 quam
811 1829 880 1856 mala
901 1829 973 1855 nulla
1002 1829 1157 1862 permittere
1171 1840 1195 1856 η.

347 1878 386 1904 Ex
407 1877 459 1903 hoc
479 1876 569 1909 itaque
589 1881 670 1901 sensu
684 1873 785 1899 dietum
806 1876 845 1899 est
859 1879 890 1899 ac
905 1879 998 1898 verum
1020 1875 1074 1903 est,
1096 1872 1195 1899 bonum

348 1927 405 1947 esse
426 1919 495 1946 mala
515 1919 587 1949 lieri,
607 1918 671 1952 quia
691 1924 723 1943 ex
744 1916 834 1947 malis,
856 1923 925 1949 quae
946 1915 1026 1947 liunt,
1046 1915 1135 1948 honis,
1150 1915 1199 1950 qui

347 1961 495 1989 seeundum
512 1960 684 1995 propositum
706 1958 791 1985 vocati
808 1962 872 1985 sszt
892 1957 1014 1989 501201ῑῦ,
1035 1958 1134 1985 accidit
1154 1958 1198 1985 bo-

348 2007 432 2034 nitas.
452 2004 478 2031 id
497 2007 536 2031 est
556 2003 664 2030 utilitas.
685 2002 795 2029 Talibus
815 2002 902 2034 enim,
927 2005 955 2028 ιιι
981 2002 1018 2028 ait
1042 2001 1197 2036 Apostolus,

350 2049 378 2075 in
400 2048 499 2075 bomem
519 2050 699 2082 cooperantur
719 2044 827 2076 onznia,
853 2045 931 2071 etiam
959 2045 1041 2077 mala,
1068 2045 1131 2078 quia
1160 2046 1198 2072 eis

349 2094 478 2127 prosunt,
499 2097 568 2125 quae
588 2090 646 2116 01115
666 2088 824 2115 facientibus
844 2088 950 2114 obsunt.
964 2087 1040 2114 Unde
1058 2088 1136 2114 ctiam
1151 2088 1198 2114 ali-

350 2135 457 2169 quando
479 2134 504 2160 in
524 2133 664 2167 Scriptura
684 2133 788 2166 legitur,
809 2131 908 2158 malum
929 2131 1058 2165 appellari
1080 2131 1198 2160 bonum.

352 2182 380 2205 ιιι
399 2178 577 2211 Hieronymus
597 2183 678 2210 super
697 2176 815 2202 Marcum
828 2175 853 2200 ⁷:
877 2175 989 2205 Malum,
1004 2174 1103 2208 inquit,
1118 2174 1199 2201 Iudae

353 2221 451 2247 bonum
472 2220 533 2251 fuit,
553 2219 656 2245 scilicet
685 2218 769 2244 nobis.
792 2217 847 2244 Nec
876 2217 897 2244 si
918 2217 1016 2243 bonum
1039 2220 1079 2243 est
1100 2216 1136 2242 illi
1157 2216 1199 2243 vel

352 2433 386 2453 501
405 2431 490 2454 consilii
508 2434 588 2453 vertat.
607 2430 671 2453 Unde
690 2430 763 2458 [nitro
775 2429 859 2457 modo]
879 2429 914 2458 sit,
933 2432 957 2451 ut
974 2429 1038 2458 quod
1050 2428 1074 2451 lit
1090 2430 1139 2451 sive
1157 2435 1197 2451 vo-

352 2472 435 2494 luntate
454 2471 492 2493 Dei
511 2471 596 2498 agitur,
615 2470 725 2491 voluntati
738 2469 777 2491 Dei
796 2469 936 2491 contrarium
949 2474 993 2490 non
1012 2469 1051 2490 sit:
1070 2468 1123 2496 quia
1141 2468 1197 2490 dnm

353 2513 373 2533 in
392 2511 478 2533 bonum
498 2516 565 2532 usurn
591 2510 649 2531 mala
677 2509 733 2530 sacta
759 2511 894 2535 vertuntur,
921 2509 970 2529 eius
993 2508 1086 2530 consilio
1104 2508 1199 2530 militant

352 2552 420 2573 etiam
438 2556 497 2578 quac
514 2550 563 2571 0105
580 2548 674 2571 consilio
694 2550 832 2576 repugnant.
850 2548 907 2569 Hinc
923 2548 991 2569 etiam
1004 2553 1045 2575 per
1057 2547 1199 2569 Psalnnstani

354 2589 448 2613 (psalm.
471 2588 523 2616 llO⁷
542 2588 576 2615 2.)
603 2587 700 2609 dicitur:
725 2587 804 2614 Magna
831 2592 900 2614 opera
919 2586 1022 2615 Domini7
1041 2586 1151 2615 exquisita
1178 2587 1199 2608 in

353 2634 434 2650 omnes
450 2628 580 2650 voluntates
597 2627 646 2649 0105
658 2634 679 2648 22.
697 2626 776 2655 Aliqua
795 2632 821 2648 ex
839 2625 875 2648 ed.
893 2626 997 2653 Gregorii
1016 2625 1183 2653 supplevimus.

416 2667 423 2681 ¹
442 2668 501 2689 [can.
523 2667 540 2695 1,
559 2667 579 2688 3.

415 2706 425 2720 ‘2
443 2706 472 2728 lta
490 2705 557 2728 codd.
576 2707 598 2727 ct
614 2704 666 2727 edd.
686 2705 706 2733 2,
720 2705 740 2732 3,
759 2704 786 2733 7,-
805 2704 826 2726 in
844 2704 893 2726 aliis
910 2703 962 2726 edd.
976 2710 1020 2726 non
1038 2703 1097 2726 benc
1110 2704 1201 2726 additur

353 2746 415 2769 sinit.

417 2784 426 2799 3
443 2784 556 2806 Encnirid.
575 2790 594 2806 c.
613 2784 649 2805 96.
668 2789 689 2805 n.
709 2782 744 2804 24.

417 2822 425 2836 ⁴
443 2822 528 2845 Omnes
545 2821 612 2844 codd.
639 2824 661 2843 et
686 2821 738 2843 edd.
761 2822 777 2849 l,
797 2822 817 2849 2,
839 2821 851 2843 3
870 2820 938 2849 bene,
966 2827 1025 2849 quae
1043 2821 1109 2843 lectio
1126 2824 1200 2844 sumta

354 2862 445 2883 ridetur
462 2867 488 2883 ex
506 2861 584 2883 verbis
602 2861 722 2888 Augustini
741 2860 798 2882 intra
816 2859 981 2889 sequentibus⁷
1001 2860 1022 2881 in
1041 2865 1087 2888 quo
1105 2859 1155 2882 1000
1173 2862 1201 2881 10-

355 2906 406 2921 nien
425 2899 488 2922 deest
504 2899 601 2929 aliquid.

419 2938 428 2952 ἦ
444 2937 498 2966 Cap.
521 2938 554 2960 11,
572 2944 593 2960 n.
612 2938 632 2959 3.
651 2938 725 2960 Locus
742 2943 842 2965 sequens
859 2940 892 2959 est
911 2943 929 2959 0.
949 2937 984 2959 27.
1003 2944 1024 2959 n.
1044 2937 1064 2959 8.

1021 161 1271 191 SENTENTIARUM
1294 160 1353 188 ΜΒ.
1375 161 1391 188 l.

1239 238 1288 269 illi,
1309 237 1369 264 inde
1389 237 1519 271 sequitur,
1539 237 1610 271 quod
1630 237 1788 271 simpliciter
1803 237 1900 263 bonum
1914 236 1955 262 sit.
1970 236 2079 270 Proprie

1239 280 1308 306 enim
1329 287 1360 306 ac
1380 279 1538 314 simpliciter
1557 280 1656 306 bonum
1676 283 1728 311 est⁷
1748 279 1819 313 quod
1841 279 1865 305 in
1885 286 1913 305 se
1933 282 1958 305 et
1975 278 2078 305 facienti

1240 323 1338 349 bonum
1358 325 1405 349 est.

1607 408 1667 435 Car.
1692 408 1722 435 V.

1430 495 1467 521 De
1486 494 1635 529 multiplici
1654 494 1804 529 acceptione
1824 494 1895 522 Itoni.

1312 581 1356 606 Est
1377 581 1446 607 enim
1468 580 1581 615 aliquid,
1608 581 1679 614 quod
1704 579 1733 607 z'n
1752 588 1779 607 se
1802 581 1901 607 bonum
1925 584 1965 607 est
1990 584 2016 608 et
2042 581 2191 608 cumuadrupr

1239 625 1289 659 fit,
1309 624 1355 650 sed
1377 631 1427 649 non
1448 626 1487 650 est
1510 623 1609 649 bonum
1638 622 1761 657 jacienti,
1782 626 1811 649 ut
1838 630 1900 650 cum
1929 623 2086 650 subvenitur

1242 667 1370 701 pauperi,
1390 666 1437 693 sed
1458 673 1509 692 non
1529 669 1639 700 propter
1659 666 1751 692 Deum.
1766 666 1799 692 Et
1818 669 1857 692 est
1871 666 1971 700 aliquid
1986 666 2086 694 honum

1245 709 1274 735 ιἠ,
1292 717 1318 735 se
1339 712 1365 735 et
1382 708 1510 743 facienti,
1530 708 1577 735 sed
1597 716 1648 735 non
1669 709 1693 735 ei
1713 709 1756 735 cui
1778 709 1822 740 fit,
1843 711 1872 735 ut
1897 716 1958 735 cum
1987 710 2086 737 veritas

1244 755 1354 787 propter
1374 753 1457 778 Deum
1478 751 1558 778 alicui
1580 759 1630 778 non
1651 751 1785 778 obedienti
1806 752 1985 785 praedicatur.
2000 753 2032 779 Et
2049 756 2088 780 est

1246 795 1347 830 aliquid
1367 794 1397 821 in
1416 803 1442 821 se
1461 798 1487 821 et
1506 793 1616 829 facienti
1634 798 1659 821 et
1679 795 1702 820 ei
1723 794 1768 821 cm'
1785 795 1813 825 (it
1834 794 1947 827 bonum,
1973 798 2002 822 ut
2025 803 2087 823 cum

1246 839 1344 865 veritas
1364 838 1536 873 praedicatur
1555 841 1666 872 propter
1685 838 1769 864 Deum
1789 837 1917 864 credenti.
1931 838 2006 865 Unde
2019 839 2090 873 Apo-

1246 881 1362 908 stolusf‘:
1383 882 1476 907 Bonus
1504 880 1570 907 odor
1598 888 1692 907 stamus
1721 881 1791 911 Deo,
1817 879 1881 907 calz'z's
1910 880 1977 907 odor
2003 880 2088 913 vitae,

1246 924 1309 952 aliis
1330 924 1396 951 odor
1414 924 1518 951 morceis.
1547 924 1588 950 Est
1618 927 1706 950 autem
1733 923 1818 954 aliud,
1847 924 1919 958 quod
1944 931 1993 951 nec
2016 924 2045 951 z‘n
2065 933 2091 951 se

1247 969 1346 995 bomnn
1366 971 1406 994 est
1425 971 1449 994 et
1468 966 1579 1001 facienti
1598 969 1675 992 nocet
1694 969 1719 992 et
1739 966 1859 997 (1010001,
1880 967 1928 993 nisi
1949 967 2091 1001 poeniteat,

1248 1015 1277 1039 ιιι
1296 1011 1409 1043 malum,
1430 1010 1499 1037 valet
1520 1013 1607 1036 tamen
1626 1008 1662 1035 ad
1681 1008 1796 1044 aliquid.
1816 1009 1850 1036 Ut
1868 1010 1938 1036 enim
1953 1010 1989 1037 ait
2002 1011 2092 1044 Augu-

1248 1054 1333 1080 stinus
1345 1053 1368 1079 in
1385 1052 1540 1078 Encliiridio
1550 1051 1573 1077 ⁵¹:
1594 1051 1634 1078 «A
1646 1059 1749 1078 summe
1761 1055 1786 1078 et
1800 1052 1948 1086 aequaliter
1962 1055 1987 1079 et
2000 1053 2093 1081 imma»

1250 1096 1365 1123 tabiliter
1386 1095 1455 1121 bona
1474 1095 1601 1121 Trinitate
1621 1098 1709 1121 creata
1730 1098 1792 1122 sunt
1811 1095 1914 1127 omnia,
1929 1103 1977 1122 nec
1990 1104 2093 1124 summe

1250 1146 1298 1165 nec
1318 1138 1466 1172 aequaliter
1486 1145 1534 1164 nec
1549 1137 1750 1164 immutabiliter
1764 1138 1847 1169 b0na;
1862 1138 1908 1164 sed
1924 1141 2009 1165 tamen
2024 1138 2094 1166 bona

1250 1181 1329 1208 etiam
1349 1181 1461 1214 singula.
1482 1180 1565 1207 Simul
1586 1187 1649 1207 vero
1670 1180 1795 1207 universa
1815 1180 1892 1207 valde
1920 1181 2004 1213 bona,
2031 1182 2095 1216 quia

1250 1231 1283 1250 ex
1303 1224 1428 1250 omnibus
1454 1223 1576 1249 consistit
1600 1223 1781 1250 univcrsitatis
1808 1223 1975 1250 admirabilis
1998 1224 2096 1258 pulcri-

1252 1266 1328 1298 tudo;
1350 1266 1374 1292 in
1395 1273 1447 1300 qua
1469 1266 1548 1293 ctiam
1569 1266 1634 1292 illud
1654 1266 1727 1300 quod
1741 1266 1839 1292 malum
1854 1266 2043 1299 (licitur‚‚bene
2056 1274 2097 1293 or-

1250 1311 1370 1337 dinatum
1391 1313 1417 1336 et
1436 1310 1495 1336 loco
1515 1317 1563 1336 suo
1586 1310 1714 1343 positum⁷
1741 1310 1901 1336 eminentius
1926 1310 2096 1337 commendat

1250 1354 1318 1380 bona
1331 1376 1337 1387 ,
1358 1357 1386 1380 ut.
1406 1354 1490 1388 magis
1504 1353 1628 1387 placeant
1641 1356 1667 1379 ct
1680 1353 1857 1380 laudabiliora
1872 1353 1936 1386 sint,
1950 1353 2012 1380 dum
2027 1361 2097 1380 com-

1250 1400 1380 1432 parantur
1402 1397 1478 1423 malis
1492 1408 1516 1423 ».

1614 1483 1675 1510 CAP.
1695 1484 1736 1511 VI.

1436 1569 1512 1602 Quod
1532 1569 1605 1595 mala
1626 1568 1800 1595 ιιηιυθνεὶίαιῑ
1819 1569 1916 1596 valent.

1324 1656 1390 1682 Hinc
1410 1659 1495 1690 patet,
1515 1655 1586 1690 quod
1608 1663 1640 1682 ex
1670 1655 1760 1687 malis,
1781 1653 1849 1689 quae
1879 1655 1961 1687 fiunt,
1990 1656 2097 1690 aliquod

1252 1700 1375 1734 provenit
1396 1699 1510 1731 bonum,
1529 1698 1592 1725 dum
1614 1698 1683 1725 bona
1704 1698 1788 1732 magis
1808 1698 1914 1732 placent
1934 1701 1959 1725 et
1978 1698 2099 1725 laudabi-

1253 1743 1320 1769 liora
1339 1743 1464 1769 existunt.
1485 1742 1552 1776 Ipsis
1572 1742 1650 1768 eliam
1672 1741 1829 1768 facientibus
1857 1748 1890 1768 ex
1916 1741 2007 1772 malis,
2030 1749 2099 1776 quae

1252 1787 1366 1817 faciunt,
1386 1785 1520 1812 interdum
1541 1785 1609 1811 bona
1630 1785 1806 1819 proveniunt,
1827 1785 1847 1811 si
1868 1784 2016 1811 secundum
2040 1793 2100 1820 pro-

1251 1829 1370 1865 positum
1389 1827 1480 1854 ¹vocati
1497 1832 1560 1855 szml
1580 1827 1678 1854 Sancti.
1695 1827 1827 1854 «Talibus
1848 1828 1933 1859 enim,
1953 1831 1982 1855 ιιι
2001 1828 2038 1854 01ι
2051 1830 2101 1855 Αιι-

1253 1873 1375 1908 gustinus
1396 1873 1421 1898 in
1442 1872 1509 1898 libro
1525 1871 1558 1897 de
1572 1871 1742 1897 Corrcctione
1757 1874 1782 1897 et
1795 1871 1880 1905 gratia
1892 1870 1920 1904 ¹⁰,
1935 1878 2020 1905 usque
2034 1871 2100 1898 adeo

1254 1917 1325 1943 Deus
1345 1916 1433 1942 onmia
1454 1918 1615 1949 cooperatur
1636 1914 1660 1940 in
1681 1914 1795 1947 honum,
1816 1917 1859 1946 ιιι,
1888 1915 1910 1941 si
1930 1915 1975 1949 qui
2005 1915 2102 1942 horum

1254 1960 1362 1986 deviant
1382 1962 1407 1985 et
1427 1958 1592 1989 exorbitant,
1613 1958 1692 1984 etiam
1713 1958 1764 1984 hoc
1785 1958 1871 1991 ipsum
1893 1958 1931 1984 eis
1951 1958 2030 1985 saciat
2044 1965 2103 1992 pro-

1256 2003 1335 2029 licere
1356 2002 1380 2028 in
1395 2002 1494 2028 bonum
1504 2022 1510 2033 ,
1530 2001 1593 2035 quia
1607 2000 1766 2027 humiliores
1780 2001 1892 2027 redeunt
1906 2003 1986 2035 atque
2000 2001 2102 2028 doctio-

1254 2052 1335 2077 res»,
1356 2048 1385 2071 ιιι
1412 2045 1514 2071 Petrus.
1534 2043 1602 2070 «Illa
1631 2043 1711 2070 etiam
1739 2043 1824 2075 mala,
1844 2050 1913 2077 quae
1942 2043 1975 2070 ab
2002 2043 2101 2078 iniquis

1256 2087 1347 2113 fideles
1367 2087 1411 2120 pie
1430 2086 1582 2120 perferunt,
1609 2089 1638 2113 ut
1663 2086 1700 2112 ait
1723 2086 1887 2120 Augustinus
1915 2086 1941 2112 in
1970 2085 2044 2112 libro·
2068 2086 2102 2113 de

1255 2129 1423 2160 Trinitate¹¹.
1444 2129 1510 2163 ipsis
1530 2129 1622 2163 utique
1651 2131 1762 2162 prosunt
1788 2128 1829 2154 vel
1849 2128 1882 2155 ad
1903 2128 2015 2155 delenda
2042 2136 2103 2163 pcc-

1256 2176 1330 2205 cata,
1350 2173 1391 2209 vel
1413 2172 1445 2199 ad
1467 2172 1644 2199 exercendam
1664 2171 1886 2206 probandamque
1902 2172 2044 2204 iustitiam,
2060 2171 2101 2198 vel

1257 2216 1289 2242 ad
1310 2215 1545 2242 demonstrandam
1565 2215 1645 2241 huius
1666 2215 1737 2241 vitae
1757 2214 1927 2241 miseriam».
1942 2214 2058 2248 Ideoque
2077 2217 2103 2241 et

1316 2429 1326 2443 ὓ
1344 2429 1409 2451 Rom.
1429 2429 1453 2457 8,
1472 2429 1508 2451 28.
1520 2441 1552 2445 —-
1570 2429 1638 2450 Paulo
1656 2429 1763 2456 superius
1782 2428 1831 2450 Vnt.
1854 2434 1907 2451 cum
1925 2427 2031 2456 pluribus
2048 2427 2101 2450 edd.

1255 2467 1344 2490 bonum
1367 2468 1400 2490 est
1418 2474 1460 2495 pro
1479 2467 1566 2490 bonum
1583 2473 1644 2495 esse,
1664 2470 1685 2489 01
1703 2467 1836 2489 immediate
1854 2469 1905 2495 post
1921 2466 1973 2489 cdd.
1993 2467 2014 2494 l,
2033 2466 2102 2489 6110-

1256 2506 1344 2529 militas
1362 2513 1404 2535 pro
1424 2506 1519 2529 utilitas.

1318 2546 1328 2560 ⁷
1345 2545 1400 2574 Cap.
1423 2545 1463 2567 14:
1484 2554 1494 2565 a
1507 2546 1567 2568 Multi
1586 2546 1681 2575 bonum,
1699 2549 1723 2568 ut
1741 2546 1815 2574 ludas,
1834 2546 1932 2573 saciunt3
1951 2544 1991 2567 sed
2009 2545 2102 2567 omnino

1256 2586 1298 2608 illis
1316 2592 1360 2607 non
1378 2585 1468 2613 proficit
1480 2593 1500 2607 ».
1519 2584 1703 2607 Commentarius
1724 2585 1759 2607 illa
1778 2590 1823 2607 non
1840 2587 1874 2606 est
1891 2584 1913 2606 S.
1931 2584 2071 2611 Hieronymi.

1320 2624 1330 2638 ⁸
1347 2624 1370 2646 ll.
1388 2623 1438 2646 Cor⁴
1458 2625 1478 2652 2,
1500 2624 1532 2646 15.
1556 2624 1588 2646 16.
1842 2622 1918 2651 ⁰Cap.
1941 2623 1973 2644 10.
1996 2623 2028 2644 ll.
2047 2628 2068 2644 n.
2082 2622 2102 2644 3.

1321 2663 1340 2678 ¹0
1356 2662 1410 2692 Cap.
1429 2664 1450 2686 9.
1473 2669 1494 2685 n.
1514 2662 1593 2685 21.-
1609 2663 1678 2685 Paulo
1696 2663 1803 2690 superius
1821 2668 1863 2690 pro
1882 2661 1942 2684 bona
1958 2660 2102 2691 proveniant

1259 2703 1325 2725 codd.
1344 2703 1361 2724 Λ
1371 2701 1387 2725 C
1397 2702 1415 2724 D
1432 2705 1454 2724 ct
1471 2702 1507 2724 ed.
1522 2702 1529 2723 =l
1552 2701 1612 2724 bona
1630 2701 1738 2729 veniunt,
1757 2701 1808 2723 cod.
1822 2701 1838 2722 B
1851 2699 1966 2723 evenimzc.
1978 2712 2009 2716 —
2022 2699 2103 2728 Quoad

1258 2742 1280 2764 S.
1298 2742 1389 2764 Petrum
1407 2742 1446 2764 cfr.
1465 2741 1518 2763 Luc.
1537 2742 1577 2769 22,
1596 2742 1632 2763 61.
1652 2741 1688 2763 62.

1322 2780 1338 2795 ¹1
1357 2780 1417 2803 Libr.
1436 2780 1489 2802 Xlll.
1508 2786 1526 2802 0.
1549 2780 1581 2802 16.
1601 2786 1622 2802 n.
1641 2781 1677 2802 20.
1696 2780 1718 2802 ln
1737 2786 1784 2808 quo
1802 2781 1861 2801 textu
1884 2778 1951 2801 codd.
1969 2777 2064 2800 BCDE
2082 2779 2104 2799 et

1258 2820 1294 2843 ed.
1317 2820 1321 2841 1
1344 2818 1456 2843 demenda
1472 2820 1569 2849 peccata
1587 2825 1629 2847 pro
1647 2818 1746 2842 delenda
1762 2819 1872 2848 peccasti,-
1894 2818 2004 2845 originale
2029 2822 2103 2839 emen-

1258 2858 1336 2881 danda
1353 2859 1455 2888 peccata.
1475 2858 1556 2886 Quoad
1574 2858 1612 2880 lob
1630 2858 1670 2880 cfr.
1698 2864 1716 2880 0.
1748 2858 1779 2885 19,
1807 2858 1843 2885 21,
1869 2860 1890 2879 et
1916 2863 1935 2878 0.
1964 2856 2003 2884 12;
2026 2854 2103 2884 quoad

1259 2899 1280 2920 S.
1299 2898 1393 2920 Paulum
1411 2898 1450 2920 cfr.
1469 2898 1490 2920 ll.
1504 2897 1554 2920 Cor.
1572 2899 1604 2926 1-2,
1623 2898 1644 2919 7.
1657 2909 1687 2913 —
1700 2896 1763 2919 Circa
1782 2896 1850 2919 finem
1863 2900 1914 2919 anto
1924 2895 2023 2925 profecit
2035 2894 2102 2917 codd.

1260 2938 1365 2960 omittunt
1383 2936 1444 2960 bene.

2122 605 2191 624 bonurn.

2104 1051 2193 1076 ,xttgastlm
2201 1059 2202 1062 =

2110 1830 2191 1854 Augusti!
