2215 3404
7 1742 30 1760 Id
42 1742 116 1765 opposi-

671 197 754 225 DIST.
777 196 865 224 XXXI.
888 196 913 223 P.
936 196 964 224 [Ι.
987 197 1059 225 ART.
1082 197 1099 225 l.
1121 198 1256 234 QUAEST.
1278 199 1318 227 III.

204 277 229 305 3.
251 277 277 305 [ι.
300 277 339 305 Ad
361 277 431 305 illud
451 276 527 313 quod
547 275 677 304 obiicitur
708 275 742 303 de
771 273 969 302 assimilatione

125 327 152 353 et
173 323 354 360 aequalitate,
376 323 541 357 dicendum,
569 322 643 358 quod
672 321 756 349 Filius
783 328 837 349 non
866 320 968 348 dicitur

125 370 223 407 imago
238 372 353 406 propter
367 369 594 398 assimilationem
616 368 644 396 in
659 367 825 401 substantia,
844 366 893 395 sed
908 374 969 402 pro-

1809 200 1865 229 543

1025 276 1087 310 pter
1108 275 1223 303 modum
1238 276 1398 311 emanandig
1419 279 1446 305 et
1460 277 1488 305 in
1509 277 1560 305 hoc
1574 277 1727 306 nonhabet
1747 278 1866 314 Spiritus

1025 324 1137 350 sanctus
1157 323 1398 358 expressissimam
1422 324 1632 352 similitudinem
1650 332 1700 353 nec
1715 332 1778 352 cum
1800 324 1865 353 Filio

1024 373 1074 394 nec
1095 375 1158 396 cum
1182 368 1273 403 Patre,
1296 369 1358 397 ideo
1378 370 1485 398 nullius
1505 373 1546 399 est
1567 370 1666 407 imago.

864 502 1123 539 SOHOLION.

189 640 203 662 l.
220 639 288 667 Quod
305 644 387 660 nomen
404 637 483 667 imayo
501 638 529 660 de
545 637 600 659 Filio
621 639 682 659 recte
703 636 803 664 dicatur,
830 639 918 659 constat
941 642 969 658 ex

125 685 190 701 sacra
207 678 324 705 Scriptura
342 676 398 706 (Col.
418 677 437 705 i,
451 676 495 704 '¹53
513 676 536 698 II.
554 675 605 699 Cor.
624 675 645 704 4,
664 675 691 703 43
710 675 778 698 Hebr.
801 677 817 704 l,
836 676 879 704 3.);
905 675 969 704 quod

125 718 154 740 sit
168 715 294 746 proprium
310 715 415 738 eiusdem
433 721 528 743 nomen,
540 718 618 737 contra
630 715 765 737 Durandum
782 717 805 737 et
815 720 903 742 paucos
914 714 970 736 alios

125 762 138 778 a
154 756 239 778 Latinis
264 754 398 777 doctoribus
422 754 574 776 communiter
591 753 698 780 docetur,
716 753 772 775 dum
797 753 877 774 Graeci
901 752 970 774 etiam

125 795 218 822 Spiritui
235 795 258 816 S.
276 794 319 816 hoc
336 799 420 815 nomen
437 792 724 815 attribuunt—Attamen
741 791 770 813 de
786 790 919 814 rationibus
935 796 970 813 as·

125 832 259 863 signandis,
279 838 351 861 quare
369 833 412 854 hoc
429 837 513 853 nomen
525 831 619 859 proprie
631 830 660 853 de
676 831 731 852 Filio
743 830 846 858 dicatur,
864 829 971 852 doctores

125 872 196 894 nostri
208 877 252 893 non
264 871 410 893 conveniunt.
424 871 445 892 S.
459 870 561 892 Thomas
573 868 605 897 (S.
617 869 632 891 l.
645 875 667 897 q.
681 868 716 891 35.
735 875 755 890 a.
774 868 804 896 2.)
822 868 970 891 solummodo

125 912 184 933 hanc
192 910 317 938 approbat,
330 909 393 938 quod
406 910 489 931 «Filius
498 909 603 937 procedit
611 911 636 931 ut
644 908 754 936 verbum,
765 908 793 930 de
806 908 871 930 cuius
883 908 971 929 ratione

125 952 160 973 est
171 949 295 973 similitudo
308 950 392 977 speciei
405 949 434 971 ad
445 949 468 970 id
484 955 495 970 a
510 954 555 977 quo
568 947 681 975 procedit,
695 953 740 969 non
752 950 829 970 autem
843 947 871 969 de
883 947 970 969 rationo

125 990 210 1012 amoris
226 997 236 1009 n
251 991 293 1010 ete.
312 988 413 1010 Eandem
430 988 552 1015 rationem,
571 993 642 1015 quam
660 987 775 1009 Immerito
791 986 906 1008 Aureolus
921 986 971 1007 alii-

126 1033 171 1055 que
195 1027 342 1054 impugnant,
369 1026 437 1048 etiam
462 1025 484 1047 S.
509 1025 595 1047 Bonav.
619 1025 683 1047 affert
705 1026 815 1053 tanquam
831 1032 841 1044 n
852 1023 970 1047 rationem

124 1065 249 1095 propriam
261 1073 282 1094 »‚
294 1068 317 1087 et
333 1066 388 1087 alias
410 1065 498 1092 plures,
524 1070 584 1092 quae
601 1064 631 1086 ad
653 1064 711 1086 duas
727 1063 807 1085 reduci
825 1065 928 1091 possunt,
946 1066 971 1085 ut

126 1110 246 1134 congruas
262 1104 366 1132 adiungit
383 1104 456 1133 (fund.
470 1104 490 1126 3.
509 1103 529 1125 4.
542 1107 564 1126 et
575 1104 598 1125 in
615 1103 696 1131 corp).
709 1103 784 1124 Prima
796 1105 843 1124 est:
857 1102 926 1124 Filius
937 1105 972 1125 est

126 1143 156 1165 ab
173 1149 232 1170 uno,
250 1145 272 1165 et
288 1144 366 1170 imago
383 1148 473 1164 summe
490 1143 622 1170 expressiva
635 1148 679 1164 non
692 1144 766 1169 potest
778 1148 827 1163 esse
846 1142 886 1163 nisi
904 1142 971 1164 unius

126 1181 155 1203 ad
172 1187 252 1209 unum,
264 1181 300 1203 vel
314 1181 348 1209 (ut
359 1181 428 1209 paulo
445 1181 509 1203 aliter
519 1180 598 1203 dicunt
610 1180 671 1202 Alex.
683 1180 739 1208 Hal„
751 1180 774 1201 Β.
787 1179 880 1207 Albert.y
893 1180 972 1202 Petrus

1025 641 1037 656 a
1055 634 1117 663 Tar.)
1135 635 1242 662 imaginis
1259 641 1303 657 non
1321 638 1355 658 est
1371 636 1455 664 imago.
1472 637 1535 659 Hanc
1552 637 1662 659 rationem
1680 638 1702 659 S.
1721 638 1803 660 Thom.
1816 639 1867 666 (loc.

1023 673 1069 701 cit.)
1088 674 1141 695 nihil
1159 674 1237 695 valere
1253 675 1341 697 asserit.
1359 675 1464 697 Secunda
1480 678 1526 703 est,
1539 677 1592 704 quia
1604 676 1673 699 Filius
1691 678 1797 699 convenit
1814 683 1867 699 cum

1025 712 1089 734 Patre
1106 713 1129 734 in
1147 719 1192 734 una
1208 713 1344 741 spiratione,
1357 720 1402 735 non
1419 720 1475 736 vero
1492 715 1591 742 Spiritus
1607 716 1637 743 S.,
1660 715 1688 737 de
1714 722 1758 744 qua
1780 717 1867 738 ratione

1025 751 1046 773 S.
1065 751 1148 774 Thom.
1167 751 1235 774 dicit:
1252 760 1262 771 ιι
1274 751 1320 774 Sed
1337 753 1381 774 hoc
1399 759 1444 774 non
1466 752 1558 775 videtur
1581 753 1687 783 sufficere
1698 763 1720 776 u.
1736 754 1784 776 Hoc
1804 755 1868 777 facile

1025 796 1051 812 ex
1069 793 1145 813 mente
1162 791 1184 812 S.
1202 791 1376 813 Bonaventurae
1393 791 1488 813 concedi
1506 794 1586 819 potest.
1604 792 1677 814 Monet
1688 795 1764 815 autem
1776 793 1868 821 Dionys.

1025 829 1102 851 Carth.
1120 830 1152 857 (d.
1171 830 1207 852 28.
1225 836 1248 858 q.
1266 829 1305 858 4.),
1322 831 1390 853 etiam
1408 831 1449 852 has
1467 831 1525 853 duas
1541 832 1651 859 rationes,
1664 834 1689 854 ut
1699 838 1814 859 congruas
1830 838 1870 854 au-

1025 870 1130 891 ctoritate
1147 869 1255 891 Ricliardi
1273 875 1284 891 a
1303 869 1324 891 S.
1342 869 1445 897 Victore,
1463 869 1597 897 Alexandri,
1623 870 1707 892 Alberti
1729 873 1751 893 et
1772 871 1869 893 oliorum

1025 907 1209 936 commendatas,
1227 913 1271 929 non
1289 908 1380 935 penitus
1396 908 1547 935 negligendas
1562 914 1620 930 esse.

1090 946 1213 974 Quomodo
1231 946 1336 968 differant
1345 946 1421 976 filius,
1441 945 1552 975 verbum,
1564 946 1657 977 imayo,
1676 948 1698 969 in
1711 948 1755 970 fine
1766 954 1869 976 respons.

1025 987 1140 1014 tangitur;
1159 985 1199 1007 cfr.
1217 985 1238 1007 (l.
1258 984 1294 1007 27.
1312 992 1334 1014 p.
1353 986 1375 1007 ll.
1393 985 1449 1008 dub.
1468 986 1489 1014 2,
1507 988 1530 1007 et
1546 992 1568 1014 q.
1586 987 1607 1008 2.

1089 1026 1112 1047 ll.
1130 1025 1163 1047 De
1180 1026 1314 1054 quaestione
1330 1025 1393 1052 ipsa:
1411 1025 1472 1047 Alex.
1490 1025 1546 1053 Hal„
1564 1025 1586 1047 S.
1604 1031 1627 1053 p.
1644 1025 1659 1047 l.
1672 1032 1693 1054 q.
1712 1026 1748 1047 61.
1761 1031 1791 1047 m.
1810 1026 1870 1047 3.—

1027 1066 1049 1087 S.
1068 1065 1159 1093 Thom.,
1178 1064 1192 1086 I.
1210 1065 1271 1087 Sent.
1290 1064 1311 1086 d.
1331 1064 1367 1085 28.
1393 1070 1414 1092 q.
1442 1064 1462 1085 2.
1481 1070 1501 1085 a.
1520 1064 1548 1091 33
1574 1064 1596 1085 S.
1614 1064 1656 1086 loc.
1682 1065 1718 1086 cit.
1734 1076 1767 1080 —
1782 1064 1840 1086 Petr.
1858 1071 1868 1086 a

1028 1105 1089 1132 Tar.,
1106 1104 1120 1126 Ι.
1141 1104 1202 1126 Sent.
1221 1103 1242 1125 d.
1261 1103 1297 1125 28.
1316 1109 1338 1131 q.
1356 1103 1376 1124 3.
1400 1109 1419 1124 a.
1443 1103 1463 1124 2.
1480 1114 1512 1118 -
1528 1103 1634 1125 Richard.
1652 1109 1663 1125 a
1686 1103 1751 1131 Med,
1774 1104 1787 1125 I.
1809 1104 1869 1126 Seni.

1027 1143 1049 1165 d.
1068 1144 1105 1165 28.
1122 1149 1141 1165 a.
1160 1143 1181 1164 3.
1199 1149 1221 1171 q.
1240 1143 1260 1164 2.
1273 1154 1304 1158 —
1315 1141 1390 1169 AEgid.
1408 1142 1441 1168 R„
1460 1141 1473 1163 Ι.
1487 1142 1548 1164 Sciit.
1561 1141 1583 1163 d.
1597 1142 1634 1163 28.
1647 1143 1720 1170 princ.
1734 1143 1754 1164 2.
1768 1149 1789 1171 q.
1803 1143 1823 1164 3.
1841 1156 1872 1159 —

1027 1183 1095 1204 Henr.
1113 1182 1193 1210 Gand.‚
1211 1182 1233 1203 S.
1251 1187 1270 1203 a.
1290 1181 1326 1203 69.
1345 1187 1366 1209 q.
1385 1180 1406 1202 4.

888 1301 1052 1339 QUAESTIO
1073 1301 1112 1329 lII.

389 1414 487 1450 Quare
507 1413 666 1441 aeternitas
687 1413 897 1450 approprietur
920 1412 1024 1445 Patri,
1045 1412 1154 1448 speeies
1176 1412 1321 1449 Imagini,
1343 1415 1369 1440 et
1387 1420 1460 1440 usus
1482 1412 1607 1440 Muneri.

205 1546 297 1575 Tertio
318 1545 472 1582 quaeritur,
497 1552 585 1582 quare
605 1544 755 1573 aeternitas
772 1543 971 1580 approprietur

127 1592 216 1627 Patri,
238 1592 343 1629 species
363 1592 477 1628 Imagini
492 1595 519 1620 et
535 1599 603 1619 usus
618 1590 734 1619 Muneri.
751 1590 879 1623 Videtur,
894 1589 971 1626 quod

127 1648 182 1668 non
203 1640 239 1669 sit
258 1639 331 1667 bona
351 1638 541 1676 appropriatio
562 1637 656 1666 Hilarii
669 1638 694 1665 1;

208 1688 231 1715 l.
254 1686 325 1723 Quia
345 1693 441 1713 omnes
463 1685 573 1713 divinae
587 1692 723 1721 personae
742 1684 826 1712 simul
841 1686 971 1712 aeternae

128 1735 193 1773 sunt
213 1736 240 1761 et
261 1731 441 1768 coaequales;
462 1733 488 1759 et
509 1731 668 1759 aeternitas
687 1730 825 1759 abstrahit
852 1729 886 1757 ab
907 1732 971 1758 actu

127 1787 278 1817 personae:
300 1786 366 1815 ergo
387 1787 443 1807 non
463 1781 505 1807 est
525 1777 749 1814 appropriabilis.

207 1827 233 1854 Ξ.
254 1826 341 1859 Item,
362 1824 523 1862 quaeritur,
543 1831 631 1860 quare
651 1823 758 1860 species
772 1823 972 1860 appropriatur

128 1873 264 1910 imagini?
292 1873 344 1900 Aut
364 1872 438 1900 enim
460 1871 582 1900 sumitur
602 1871 640 1898 ibi
662 1870 783 1907 species,
815 1872 846 1898 ut
868 1869 973 1906 species

129 1920 232 1949 dicitur
251 1918 372 1956 forma,
395 1921 444 1946 aut
471 1917 660 1955 pulcritudo:
693 1917 716 1945 si
736 1915 855 1953 forma,-
877 1916 925 1944 sed
941 1915 974 1944 si-

129 1970 177 1995 cut
197 1970 310 1994 natm-a
338 1964 430 1993 nulli²
457 1968 498 1993 est
525 1963 756 2000 appropriabilis‚
785 1963 824 1991 sic
845 1970 895 1991 nec
915 1971 975 1998 spe-

130 2013 195 2041 cies.
217 2013 243 2040 Si
265 2015 359 2040 autem
387 2011 576 2048 pulcritudo;
607 2011 657 2039 sed
687 2009 849 2047 pulcritudo
880 2008 975 2044 imagi-

129 2060 172 2089 nis
193 2060 315 2088 refertur
336 2059 370 2087 ad
392 2061 587 2095 prototypum,
609 2065 675 2093 ergo
696 2057 730 2084 ad
754 2056 878 2084 Patrem:
907 2063 973 2091 ergo

129 2106 169 2135 illi
191 2106 274 2135 debet
294 2105 479 2142 appropriari.

210 2153 343 2187 3.1tem‚
375 2151 544 2188 Dionysius³
574 2151 649 2184 dicit,
670 2150 746 2187 quod
783 2150 915 2177 «bonum
947 2152 975 2177 et

130 2200 262 2237 pulcrum
285 2200 357 2228 idem
380 2202 422 2227 est
433 2209 462 2226 »ς
485 2206 552 2235 ergo
573 2205 636 2226 oum
667 2197 780 2225 bouitas
812 2197 847 2225 sit
877 2204 976 2232 appro-

130 2246 257 2283 prIabilis
278 2245 392 2281 Spiritui
414 2248 524 2278 saneto,
546 2252 612 2281 ergo
633 2247 661 2272 et
678 2243 858 2280 pulcritudo.

209 2293 235 2320 [ι.
258 2292 337 2324 Item,
361 2291 499 2319 Hilarius⁴
521 2291 607 2325 dicit,
635 2290 710 2327 quod
747 2291 879 2326 «oportet
909 2289 976 2316 ima-

132 2339 223 2376 ginem
246 2338 350 2366 babere
370 2338 518 2366 essentiam
540 2340 567 2365 et
588 2340 717 2365 naturam
739 2339 766 2364 et
787 2335 907 2372 speciem
929 2343 976 2363 au-

132 2385 253 2413 ctoris».
285 2385 377 2420 Quare
405 2391 471 2420 ergo
496 2383 584 2420 magis
616 2382 713 2411 definit
743 2382 891 2418 imaginem
924 2389 975 2418 per

132 2431 253 2468 speciem
275 2438 358 2467 quam
381 2430 494 2466 aliquod
515 2430 662 2458 aliorum?

1107 1545 1131 1572 5.
1154 1544 1236 1577 Item,
1258 1549 1314 1570 non
1328 1544 1370 1570 est
1384 1541 1520 1570 utendum
1542 1541 1608 1575 Deo,
1623 1541 1672 1570 sed
1687 1541 1777 1569 solum
1797 1549 1871 1570 crea-

1028 1589 1125 1617 tura⁵z
1148 1597 1214 1625 ergo
1235 1596 1308 1616 usus
1328 1587 1399 1616 nulli
1419 1595 1554 1624 personae
1575 1591 1617 1616 est
1637 1588 1870 1624 appropriabilss.

1028 1643 1094 1672 ergo
1115 1643 1166 1664 nec
1187 1635 1302 1672 Spiritui
1324 1638 1427 1663 sancto.

1342 1736 1553 1757 CONCLUSIO.

1032 1822 1164 1858 Couqrue
1194 1821 1412 1858 appropriatur
1448 1821 1597 1849 aeternitas
1633 1821 1722 1849 Patri
1751 1826 1871 1858 propter

1107 1869 1273 1897 carentiam
1296 1868 1463 1904 priucipii;
1491 1875 1576 1902 usus,
1602 1871 1635 1895 ut
1662 1868 1733 1896 dicit
1753 1877 1872 1905 periera-

1108 1915 1173 1943 liter
1194 1918 1293 1943 actum
1307 1914 1477 1948 voluntatis,
1493 1914 1622 1951 Spiritui
1634 1919 1735 1943 sciucto
1752 1919 1871 1952 propter

1109 1962 1227 1989 modum
1249 1961 1460 1994 emanationis,
1483 1961 1514 1988 ici
1535 1965 1574 1989 est
1595 1961 1755 1989 secundum
1778 1962 1874 1990 voiun—

1109 2011 1196 2036 tatem
1204 2018 1213 2041 ,·
1234 2007 1309 2035 Filio
1331 2010 1429 2035 autem
1451 2008 1566 2044 species,
1588 2007 1659 2045 quia
1679 2008 1787 2044 species
1802 2008 1872 2037 dicit

1107 2054 1349 2087 similitudinem,
1381 2054 1524 2081 rationem
1546 2054 1745 2090 cognoscendi,
1767 2058 1793 2082 et
1809 2054 1872 2090 pul-

1109 2101 1299 2129 critudinem:
1321 2109 1396 2138 quae
1416 2100 1516 2128 omnia
1537 2100 1582 2128 iili
1603 2104 1786 2137 conprimat,
1801 2101 1871 2138 quia

1109 2151 1228 2176 emanat
1244 2156 1298 2184 per
1319 2147 1439 2176 modum
1459 2151 1594 2175 naturae.

1110 2241 1288 2269 Ruspounsso:
1311 2240 1485 2274 Dicendum,
1507 2240 1582 2276 quod
1610 2240 1662 2268 ista
1683 2240 1873 2277 appropriatio

1031 2287 1126 2316 Hilarii
1147 2288 1199 2315 fuit
1229 2287 1264 2315 ad
1296 2287 1493 2323 explicandam
1523 2294 1708 2323 personarum
1730 2286 1871 2323 oriyiuem

1031 2335 1089 2363 sive
1120 2334 1332 2362 emanationem.
1364 2333 1500 2370 Quoniam
1528 2333 1613 2370 igitur
1644 2341 1763 2370 persona
1787 2334 1875 2362 Patris

1031 2381 1205 2410 emanatione
1226 2384 1253 2409 et
1274 2381 1380 2417 origine
1395 2383 1482 2415 caret,
1498 2380 1560 2409 ideo
1581 2380 1653 2409 illud
1674 2380 1770 2409 debuit
1791 2381 1816 2409 ei
1830 2389 1875 2417 ap—
1892 2393 1895 2397 ·

1030 2428 1179 2465 propriari,
1200 2428 1276 2465 quod
1297 2428 1429 2464 importat.
1452 2428 1636 2464 privationem
1658 2427 1795 2464 principii.
1811 2427 1875 2455 Tale

198 2642 205 2657 ¹
222 2642 298 2665 Verba
316 2642 392 2664 Hilarii
414 2642 518 2663 inxenies
535 2648 588 2669 pag.
607 2641 664 2669 541,
691 2644 742 2663 nota
762 2642 782 2663 l.
798 2653 830 2657 —
847 2641 916 2662 Paulo
938 2647 973 2663 su-

133 2682 211 2709 perius
229 2684 280 2709 post
300 2680 395 2703 Videtur
412 2680 479 2702 codd.
497 2680 518 2701 X
529 2680 544 2701 Z
561 2681 663 2702 inserunt
680 2679 749 2702 enim.
767 2680 818 2701 Post
844 2680 886 2701 lior
911 2686 977 2707 argu-

134 2722 237 2741 mentum
265 2720 287 2741 in
316 2719 366 2741 rod.
393 2718 410 2740 O
440 2724 539 2746 sequens
565 2719 679 2740 invenitur
710 2718 878 2745 interpositum:
904 2718 976 2744 Item,

134 2757 296 2786 appropriatio
312 2756 394 2779 estad
410 2755 584 2779 ewcladcndum
605 2761 726 2778 errorem:
749 2762 805 2785 erqo
826 2762 880 2779 cum
901 2755 978 2784 rmuys-ts

133 2797 233 2825 possunt
249 2795 355 2818 homines
371 2801 454 2818 errare
471 2795 533 2818 circa
551 2795 711 2817 aeternitatem
730 2794 784 2817 Filii
800 2801 872 2824 quam
891 2793 976 2821 Patris,

134 2833 211 2863 maglis
229 2833 288 2857 Filio
306 2833 369 2856 delmi
380 2833 540 2863 appropriari.

197 2873 206 2886 ‘-'
224 2873 266 2895 Pro
283 2872 356 2900 nulli,
376 2872 439 2901 quod
457 2873 591 2894 auctoritate
609 2872 677 2894 codd.
696 2871 769 2900 OQY
786 2876 807 2894 et
824 2872 860 2894 cd.
883 2873 887 2893 1
904 2872 980 2899 posui-

136 2917 200 2939 mus,
218 2911 268 2933 Vnt.
285 2911 360 2933 nulla.
378 2912 447 2933 Paulo
465 2911 571 2938 superius
589 2913 641 2938 post
657 2912 685 2933 ut
699 2910 786 2939 species
797 2910 884 2933 dicitur
899 2909 980 2939 formav

136 2951 203 2973 codd.
222 2957 247 2972 aa
266 2950 297 2973 bl)
314 2950 403 2973 addunt
418 2950 455 2973 rel
471 2950 577 2973 essentia.

1094 2640 1104 2655 3
1121 2641 1152 2662 De
1170 2640 1220 2661 Div.
1238 2639 1302 2661 Nom.
1321 2645 1339 2661 c.
1359 2638 1378 2660 4.
1396 2640 1409 2667 5
1426 2638 1453 2659 7:
1472 2634 1553 2659 ταῦτὸν
1572 2635 1618 2659 ἐστι
1636 2631 1727 2665 τάγαθῷ
1745 2633 1771 2657 τὸ
1793 2635 1873 2657 καλόν.

1032 2692 1062 2696 —
1079 2680 1130 2701 Post
1147 2679 1207 2701 idem
1224 2679 1259 2701 est
1274 2677 1341 2700 codd.
1359 2684 1386 2699 aa
1403 2677 1435 2699 bb
1453 2677 1581 2704 adiungunt
1598 2675 1634 2698 vel
1649 2681 1673 2698 se
1690 2676 1874 2704 consequimini:

1032 2730 1063 2734 —-
1079 2718 1126 2739 Hoc
1143 2719 1306 2745 argumentum
1319 2717 1362 2738 hoc
1374 2723 1385 2738 a
1398 2716 1448 2738 Vat.
1465 2716 1545 2737 ultimo
1557 2715 1606 2736 loco
1620 2715 1730 2742 positum,
1742 2714 1874 2736 auctoritaie

1033 2756 1101 2778 codd.
1119 2759 1141 2777 ct
1157 2755 1193 2777 ed.
1216 2756 1220 2776 1
1243 2755 1318 2782 primo
1335 2755 1385 2776 loco
1402 2754 1530 2781 posuimus.

1095 2794 1104 2808 ‘¹
1121 2794 1181 2816 Libr.
1200 2794 1228 2816 de
1246 2793 1332 2820 synod.
1350 2800 1371 2815 n.
1394 2793 1435 2815 13:
1452 2793 1480 2815 Ut
1496 2793 1528 2814 rei
1546 2793 1622 2819 imago
1644 2792 1683 2818 sit,
1710 2791 1811 2818 speciem
1836 2797 1875 2812 no-

1033 2840 1096 2855 cessc
1114 2835 1147 2855 est
1164 2836 1186 2855 et
1203 2835 1307 2854 naturum
1324 2834 1347 2853 et
1363 2832 1492 2859 essentiam,
1510 2830 1638 2853 secundum
1657 2830 1718 2858 quod
1736 2830 1812 2857 imago
1830 2833 1873 2853 esi,

1034 2874 1055 2894 in
1073 2879 1097 2894 se
1115 2872 1197 2894 haheat
1214 2872 1322 2893 auctoris.

1097 2910 1106 2925 ⁵
1122 2910 1166 2933 Cir.
1184 2916 1254 2937 supra
1272 2909 1294 2931 d.
1313 2910 1333 2931 i,
1352 2916 1371 2931 a.
1391 2909 1410 2931 l.
1429 2916 1450 2937 q.
1470 2909 1490 2930 3.
1507 2920 1538 2924 —
1555 2908 1576 2929 ln
1599 2908 1643 2929 fine
1670 2908 1798 2935 argumenti
1825 2908 1873 2928 Vnt.

1036 2956 1088 2972 cum
1108 2948 1229 2977 aliquibus
1245 2954 1300 2970 mss.
1318 2954 1442 2975 perperam
1461 2946 1565 2976 Spiritus
1581 2947 1686 2969 sanctus.
