2215 3404
4 1411 43 1434 plex
60 1411 84 1429 lo-

756 136 940 165 DlSTlNCTlO
961 136 1084 165 xxxvtt.
1107 137 1133 164 P.
1156 137 1185 164 ΙΙ.

1784 138 1842 166 (135

909 308 979 335 Plias
1000 307 1030 335 11.

460 463 521 490 Csr.
544 464 575 490 V.

114 550 181 576 Cum
201 550 272 576 Deus
290 549 326 575 sic
345 548 442 585 ubique
460 553 484 575 ec
501 556 617 583 semper,
637 556 693 575 non
713 553 802 574 tamen
823 547 927 578 localis,

282 600 329 618 nec
348 592 403 618 loco
424 600 470 618 nec
489 595 607 626 tempore
625 595 756 617 movetur.

166 677 285 712 Cumque
298 677 389 704 divina
402 680 496 704 natura
518 677 648 703 veraciter
666 680 693 703 et
711 676 888 703 essentialiter
907 676 942 702 sit

96 721 122 747 in
142 721 212 747 omni
233 720 293 747 loco
313 723 339 747 et
358 721 383 746 in
403 720 475 747 omni
496 723 630 754 tempore,
651 727 702 746 non
718 723 804 746 tamen
819 722 941 745 movetur

95 771 144 798 per
162 763 221 790 loca
242 763 283 790 vel
302 770 351 797 per
371 766 491 797 tempora
504 763 521 794 ¹,
542 770 591 789 nec
619 762 713 789 localis
732 766 786 796 est,
806 769 855 789 nec
875 765 941 788 tein-

95 806 203 840 poralis.
223 805 328 832 Localis
347 813 398 832 non
419 808 466 837 est,
486 806 550 839 quia
575 805 683 840 penitus
701 813 753 831 non
773 804 942 831 circumscri-

96 848 169 875 bitur
187 848 261 880 loco,
281 848 344 882 quia
365 855 414 874 nec
435 848 471 874 ita
490 851 530 874 est
549 848 574 874 in
594 855 647 875 uno
666 848 738 879 loco,
753 847 826 882 quod
842 855 893 873 non
908 847 942 873 sit

97 891 123 917 in
142 891 206 923 alio,
226 898 313 925 neque
332 891 524 918 dimensionem
554 891 646 922 habet,
675 891 744 917 sient
763 898 877 924 corpus,
897 891 940 916 cni

96 933 243 960 secundum
268 933 357 959 locum
384 933 535 967 assignatur
563 933 746 968 principium,
776 932 895 959 medium
915 936 941 959 et

96 976 169 1008 finis,
195 979 221 1002 et
248 978 309 1002 ante
334 979 360 1002 et
379 979 462 1007 retro,
483 976 578 1003 dextra
598 979 623 1002 et
646 976 769 1007 sinistra,
789 983 895 1002 sursum
916 979 942 1002 et

96 1018 236 1050 deorsum,
256 1018 328 1053 quod
349 1019 389 1045 sui
410 1019 612 1053 interpositione
632 1019 695 1045 facit
714 1019 867 1045 distantiam
891 1019 942 1045 cir-

96 1061 294 1088 cumstantium.

459 1147 520 1173 CAP.
541 1148 581 1174 vl.

204 1230 306 1264 Quibus
324 1231 412 1258 modis
431 1232 540 1268 aliquid
558 1232 665 1260 [licetur
686 1233 769 1260 locale
789 1233 831 1260 vel

388 1274 647 1310 circumscriptibile.

168 1360 277 1387 Duobus
296 1368 412 1395 namque
437 1361 479 1387 his
507 1361 593 1387 modis
621 1361 722 1388 dicitur
750 1362 775 1388 in
801 1362 941 1396 Scriptura

97 1402 199 1437 aliquid
223 1403 309 1429 locale
337 1403 393 1429 sive
421 1404 689 1438 circumscriptibile,
718 1407 743 1431 et
764 1412 777 1430 e
797 1412 940 1435 converso,

95 1446 197 1472 scilicet
210 1446 249 1473 vel
264 1447 328 1480 quia
344 1446 537 1473 dimensionem
551 1448 661 1481 capiens
678 1448 866 1481 longitudinis,
885 1448 941 1474 alti-

97 1489 196 1515 tudinis
209 1492 235 1515 et
248 1489 395 1515 latitudinis
415 1490 568 1516 distantiam
582 1490 645 1516 lacit
658 1491 683 1516 in
697 1491 770 1522 loco,
785 1493 813 1516 ut
827 1498 939 1524 corpus;

64 1538 67 1540 ’
97 1531 138 1558 vel
150 1532 212 1566 quia
224 1532 283 1558 loco
294 1532 419 1559 definitur
430 1540 461 1559 ac
476 1533 677 1565 determinatur,
688 1534 823 1568 quoniam,
834 1541 896 1559 cum
907 1534 941 1560 sit

0 1929 1 1937 ¹
16 1925 87 1943 omniuo

0 1952 2 1966 ι
20 1948 86 1966 localis,

0 2181 4 2198 ,Ι
14 2181 86 2200 ustinus.

96 1574 207 1607 alicubi,
221 1582 272 1601 11011
286 1575 387 1609 ubique
406 1576 553 1609 invenitur;
568 1576 640 1610 quod
654 1583 705 1602 non
720 1576 807 1602 solum
819 1577 939 1611 corpori,

96 1617 143 1644 sed
162 1617 240 1644 etiam
261 1617 331 1643 omni
352 1621 443 1644 creato
462 1618 569 1651 spiritui
589 1619 719 1652 congruit.
748 1619 831 1646 Omne
860 1619 941 1652 igitur

95 1667 194 1694 corpus
213 1660 284 1686 omni
299 1660 378 1686 modo
391 1660 476 1687 locale
490 1664 540 1693 est;
554 1661 665 1695 spiritus
679 1669 743 1688 vero
757 1665 864 1689 creatus
878 1670 940 1696 qno—

96 1702 156 1728 dam
171 1702 250 1729 modo
264 1705 303 1729 est
316 1703 417 1736 localis,
432 1707 457 1729 et
475 1704 593 1738 quodam
614 1704 692 1730 modo
713 1712 764 1731 non
785 1708 825 1730 est
837 1705 939 1731 localis.

96 1746 199 1772 Localis
218 1746 328 1780 quidem
348 1746 460 1778 dicitnr,
480 1747 543 1781 quia
563 1747 718 1774 definitione
741 1748 792 1774 loci
818 1749 940 1775 termina-

97 1791 152 1819 tur⁷
172 1788 298 1822 quoniam
312 1796 372 1815 cum
388 1788 487 1815 alicubi
507 1796 635 1823 praesens
654 1790 699 1822 sit,
720 1793 789 1816 totus
809 1790 873 1816 alibi
888 1798 939 1817 non

96 1830 240 1864 invenitur;
260 1838 312 1858 non
333 1835 419 1858 autem
442 1832 477 1858 ita
496 1831 589 1858 localis
609 1835 662 1863 est,
692 1836 721 1859 ut
746 1833 940 1859 dimensionem

97 1873 217 1907 capiens,
237 1873 389 1900 distantiam
418 1874 444 1900 in
473 1873 531 1900 loco
561 1874 649 1900 saciat.
669 1874 764 1901 Divina
785 1875 865 1908 igitur
884 1875 941 1901 sola

97 1915 210 1942 essentia
238 1916 345 1942 omnino
374 1916 486 1943 illocalis
512 1920 537 1943 et
566 1917 855 1951 incircumseriptibilis
884 1921 940 1950 est,

97 1966 166 1992 quae
179 1966 228 1985 nec
241 1959 307 1985 loeis
320 1962 442 1986 movetur
455 1960 545 1993 aliquo
565 1960 644 1986 modo
664 1975 700 1979 —
712 1960 815 1987 scilicet
835 1961 876 1987 vel
896 1960 940 1987 de-

98 2002 282 2028 terminatione
296 2002 384 2033 finita,
398 2002 440 2028 vel
454 2002 620 2029 dimensione
633 2007 757 2037 suscepta
767 2011 861 2030 —nee
877 2007 942 2030 tem-

96 2044 215 2078 poribus,
235 2044 338 2071 seilieet
357 2045 453 2071 affectu
472 2048 498 2071 et
517 2045 676 2078 cognitione.
690 2046 736 2072 His
750 2046 821 2072 enim
835 2046 941 2073 duobus

96 2087 195 2119 modis,
214 2088 317 2114 scilicet
335 2088 395 2114 loeo
416 2087 457 2114 vel
472 2090 605 2122 tempore,
620 2089 648 2115 fit
662 2090 772 2116 mutatio
786 2092 940 2122 creaturae,

97 2137 165 2164 quae
193 2130 270 2163 longe
299 2134 339 2157 est
370 2138 385 2157 a
413 2130 546 2157 Creatore.
572 2131 647 2158 Unde
676 2132 840 2165 Augustinus
859 2140 940 2166 super

97 2172 218 2199 Genesim
230 2173 254 2199 ²:
279 2174 385 2205 «Dens,
405 2174 505 2208 inquit,
526 2175 707 2208 omnipotens,
727 2175 940 2202 incommutabili

97 2216 266 2248 aeternitate,
292 2216 444 2247 voluntate,
474 2217 585 2243 veritate
613 2224 719 2251 semper
748 2217 831 2248 idem,
852 2221 941 2244 movet

97 2265 146 2292 per
183 2261 287 2293 tempus
325 2263 477 2286 creaturam
512 2260 698 2294 spiritualem3
734 2264 823 2286 movet
860 2261 940 2287 etiam

95 2308 143 2335 per
170 2305 273 2336 tempus
299 2305 324 2328 et
353 2302 443 2328 10011111
471 2306 623 2329 creaturam
649 2303 833 2337 corporalem,
861 2306 939 2330 uteo

97 2348 167 2371 motu
188 2348 311 2377 naturas,
331 2353 398 2379 quas
426 2346 553 2377 condidit,
582 2346 755 2372 administret.
782 2346 847 2372 Cum
876 2354 939 2380 ergo

98 2387 148 2414 tale
167 2388 269 2422 aliquid
296 2388 361 2422 agit,
388 2396 439 2415 non
468 2388 596 2415 debemus
616 2389 719 2422 opinari
741 2389 799 2415 eius
819 2389 940 2416 substan-

98 2430 173 2463 fiam,
193 2438 247 2465 qua
275 2431 346 2457 Deus
374 2435 428 2462 est,
458 2432 624 2466 temporibus
644 2432 764 2466 locisque
784 2432 939 2459 mutabilem

96 2473 152 2500 sive
180 2481 228 2508 per
249 2477 367 2508 tempora
388 2477 413 2500 et
444 2474 503 2500 loca
522 2474 663 2507 mobilem,
684 2482 744 2501 cum
765 2475 799 2501 sit
828 2475 885 2509 ipse
914 2479 940 2501 et

96 2514 205 2542 interior
224 2516 295 2542 omni
315 2523 357 2549 re,
378 2516 441 2550 quia
461 2516 486 2542 in
507 2516 565 2550 ipso
579 2520 640 2543 sunt
654 2517 754 2548 omniag
777 2520 803 2543 et
823 2518 940 2544 exterior

96 2559 167 2584 omni
180 2565 223 2590 re,
237 2559 301 2592 quia
314 2559 372 2593 ipse
385 2562 425 2585 est
437 2566 519 2593 super
538 2559 644 2591 omnia;
665 2563 690 2585 et
710 2560 844 2593 antiquior
858 2560 939 2586 omni-

97 2601 158 2633 bus,
178 2602 241 2636 quia
262 2602 319 2636 ipse
348 2605 387 2628 est
416 2605 476 2628 ante
502 2603 607 2634 omnia;
637 2606 663 2629 et
683 2603 776 2629 novior
797 2603 938 2635 omnibus,

98 2644 158 2678 quia
178 2645 235 2678 ipse
256 2644 326 2671 idem
340 2648 379 2671 est
392 2648 453 2679 post
472 2645 561 2671 omnia
573 2656 596 2676 n,
616 2645 720 2671 scilicet
738 2649 800 2679 post
819 2646 939 2671 omnium

160 2861 165 2874 ¹
185 2861 264 2883 Sumta
281 2864 334 2884 sunt
350 2863 406 2884 haec
423 2863 552 2885 secundum
570 2869 664 2885 sensnm
681 2870 708 2886 cx
726 2866 831 2892 August,
847 2864 899 2885 Vlll.
912 2864 940 2886 de

97 2899 176 2922 Genes.
194 2900 223 2922 ad
240 2901 270 2922 lit.
288 2908 307 2923 c.
327 2902 361 2923 20.
381 2908 401 2923 11.
421 2902 456 2923 39.
476 2902 511 2924 40.

998 462 1081 488 initia.
1099 477 1136 481 —
1154 463 1225 489 Ecce
1243 463 1287 489 hic
1307 467 1400 497 aperte
1420 465 1583 497 ostenditur,
1602 466 1675 499 quod
1704 474 1753 493 nec
1777 467 1843 494 locis

998 512 1047 531 nec
1066 505 1233 539 temporibus
1252 509 1370 533 mutatur
1391 507 1432 533 vel
1451 512 1573 535 movetur
1592 509 1670 535 Deus.
1691 509 1842 544 Spiritualis

998 550 1086 574 antem
1107 551 1231 574 creatura
1251 556 1300 582 per
1321 552 1425 584 tempus
1454 554 1591 583 movetur,
1610 552 1759 586 corporalis
1780 561 1842 580 vero

999 589 1078 616 etiam
1097 597 1146 623 per
1166 594 1272 625 tempus
1292 595 1317 617 et
1336 591 1433 618 locum.

1352 677 1412 704 CAP.
1432 678 1485 705 Vll.

1145 761 1217 794 Qza'd
1234 762 1269 788 sil
1288 763 1394 789 ‘mmm-i
1412 763 1560 790 sectandum
1581 769 1692 799 tempus.

1068 846 1176 874 Mutari
1193 851 1283 874 autem
1299 856 1350 882 per
1375 853 1479 882 tempus
1505 854 1544 876 est
1570 851 1667 877 variari
1694 852 1842 879 seeundum

997 889 1140 922 qualitates
1159 889 1299 916 interiores
1319 891 1360 917 vel
1380 892 1542 924 exteriores,
1569 900 1638 927 quae
1657 897 1719 919 sunt
1738 894 1764 920 in
1784 895 1843 928 ipsa

998 938 1038 964 re,
1058 939 1127 966 quae
1147 935 1278 964 mutatur,
1311 936 1340 959 nt
1368 934 1477 968 quando
1497 935 1611 969 suscipit
1631 936 1843 964 vicissitudinem

998 974 1103 1007 gaudii,
1123 975 1237 1008 doloris,
1257 976 1400 1008 scientiae,
1421 977 1576 1011 oblivionis,
1597 979 1639 1005 vel
1668 980 1843 1007 variationem

998 1017 1099 1044 formae
1118 1018 1174 1045 sive
1203 1019 1318 1046 alicuius
1347 1020 1483 1054 qualitatis
1512 1022 1661 1048 exterioris.
1682 1023 1753 1049 Haec
1773 1024 1843 1050 enim

999 1061 1126 1092 mutatio,
1146 1068 1216 1095 quae
1236 1062 1263 1088 iit
1283 1063 1431 1089 secundum
1453 1068 1565 1098 tempus,
1586 1065 1699 1092 variatio
1719 1070 1758 1092 est
1777 1074 1844 1100 qua-

999 1103 1118 1135 litatum,
1145 1112 1214 1138 quae
1234 1105 1262 1131 sit
1291 1106 1315 1131 in
1336 1107 1471 1140 corporali
1491 1107 1533 1133 vel
1552 1108 1684 1142 spirituali
1706 1112 1842 1143 creatura,

998 1149 1024 1172 et
1043 1146 1103 1172 ideo
1123 1150 1235 1173 vocatur
1255 1151 1368 1182 tempus.

1067 1189 1105 1215 De
1122 1189 1270 1216 mutatione
1289 1198 1352 1218 vero
1373 1191 1425 1218 loci
1442 1200 1538 1226 magna
1563 1194 1631 1220 inter
1655 1196 1844 1229 conquirentes

997 1231 1156 1266 disceptatio
1176 1237 1305 1260 versatur·
1320 1234 1386 1261 Sunt
1399 1235 1469 1261 enim
1489 1236 1535 1270 qui
1555 1236 1659 1269 dicunt,
1673 1238 1775 1265 nullum
1789 1240 1844 1273 spi-

997 1274 1077 1300 ritum
1097 1274 1187 1309 aliquo
1207 1276 1287 1302 modo
1306 1284 1384 1311 posse
1404 1279 1500 1304 mutari
1521 1279 1592 1312 loco,
1606 1280 1640 1306 ab
1655 1282 1726 1307 omni
1746 1282 1843 1315 spiritu

998 1317 1086 1343 locum
1107 1318 1293 1345 universaliter
1311 1326 1451 1347 removere
1466 1321 1596 1354 volentes⁷
1611 1324 1736 1357 quoniam
1752 1332 1843 1351 5001111-

997 1360 1061 1386 (111111
1081 1360 1273 1387 dimensionem
1295 1365 1396 1389 tantum
1417 1367 1442 1389 et
1462 1364 1739 1399 circumscriptionem
1754 1367 1841 1394 locum

998 1406 1121 1430 constare
1140 1408 1277 1438 asserunt,
1297 1408 1377 1439 atque
1406 1406 1432 1432 id
1461 1407 1547 1433 solnm
1569 1408 1650 1435 locale
1676 1410 1717 1435 vel
1738 1409 1767 1436 ίη
1788 1410 1842 1436 loco

998 1453 1056 1473 esse
1075 1446 1182 1479 dicunt,
1206 1448 1278 1481 quod
1307 1448 1501 1476 dimensionem
1529 1451 1625 1485 recipit
1644 1456 1670 1478 et
1689 1452 1842 1480 distantiam

998 1489 1023 1514 in
1044 1489 1103 1515 1000
1124 1489 1194 1516 facit.
1214 1490 1246 1516 Et
1264 1490 1317 1517 1100
1337 1491 1430 1517 dieunt
1448 1492 1626 1526 Augustinum
1646 1495 1769 1528 sensisse,
1790 1503 1845 1522 11111-

999 1532 1123 1558 tationem
1144 1533 1271 1567 cemporz's
1292 1536 1392 1560 tantum
1413 1535 1546 1569 spirituali
1566 1540 1706 1564 creaturae
1726 1539 1843 1566 tribuen-

998 1577 1063 1605 tem,
1085 1573 1136 1600 loci
1156 1582 1217 1601 vero
1237 1578 1260 1601 et
1280 1575 1407 1610 tempores
1427 1584 1582 1611 corporeae.

1068 1617 1129 1648 Sed,
1149 1621 1273 1652 utsupra
1284 1618 1292 1631 ⁸
1313 1619 1440 1648 diximus,
1453 1620 1598 1654 dupliciter
1612 1622 1710 1649 dicitur
1724 1631 1766 1650 res
1787 1631 1844 1651 esse

997 1660 1090 1686 localis
1109 1660 1151 1686 vel
1171 1661 1444 1696 circumscriptibilis,
1464 1663 1567 1690 seilicet
1586 1665 1627 1691 vel
1652 1666 1715 1700 quia
1743 1666 1844 1693 climen-

996 1701 1099 1729 sz'onem
1120 1702 1216 1738 recipit
1244 1707 1268 1730 et
1289 1705 1442 1732 distantiam
1472 1706 1552 1738 facit,
1573 1707 1614 1734 vel
1635 1708 1698 1742 quia
1718 1709 1770 1735 loci
1792 1713 1843 1736 ter—

998 1746 1068 1772 mino
1088 1745 1233 1781 definitur,
1253 1755 1368 1782 quornm
1388 1752 1533 1783 utrumque
1552 1751 1676 1777 convenit
1695 1759 1843 1786 corporeae

996 1792 1151 1821 creaturae,
1177 1789 1291 1816 alterum
1318 1798 1381 1817 vero
1410 1794 1511 1818 tantum
1541 1793 1683 1827 spirituali.
1712 1795 1793 1827 Nam,
1814 1799 1843 1822 ut

997 1839 1079 1866 supra
1096 1832 1229 1864 diximuS,
1254 1834 1403 1867 corporalis
1429 1838 1553 1862 creatura
1574 1836 1608 1862 ita
1629 1840 1668 1863 est
1689 1837 1780 1863 localis
1800 1838 1840 1864 vel

997 1874 1266 1909 circumscriptibilis
1280 1876 1352 1910 quod
1366 1877 1560 1905 determinatur
1575 1879 1728 1907 delinitione
1742 1881 1802 1912 loci,
1817 1885 1841 1908 et

997 1917 1069 1950 quod
1095 1917 1287 1945 dimensionem
1317 1920 1450 1953 recipiens
1481 1921 1634 1948 distantiam
1664 1923 1737 1955 facit:
1766 1924 1844 1957 spiri-

998 1961 1075 1987 tualis
1096 1968 1159 1987 vero
1188 1964 1290 1988 tantum
1311 1962 1464 1990 definitione
1487 1964 1538 1990 loci
1568 1965 1750 1998 concluditur,
1779 1974 1840 1993 eum

997 2004 1033 2029 ita
1061 2004 1095 2029 sit
1115 2003 1229 2035 alicubi,
1258 2005 1331 2038 quod
1359 2013 1411 2032 non
1439 2007 1517 2039 alibi;
1547 2008 1594 2034 sed
1623 2015 1672 2034 nec
1697 2009 1841 2035 dimensio-

998 2054 1057 2073 nem
1078 2047 1187 2081 recipit,
1207 2055 1256 2074 nec
1277 2048 1429 2075 distantiam
1445 2049 1470 2075 in
1485 2050 1544 2076 loco
1559 2050 1620 2077 facit
1633 2072 1638 2083 ,
1652 2052 1715 2085 quia
1729 2052 1749 2078 si
1765 2052 1841 2078 multi

1876 1200 1939 1223 Aliqui
1952 1205 1984 1226 ne-

1856 1225 1907 1247 gant,
1930 1228 1984 1250 spii-17

1856 1250 1894 1265 tum
1916 1249 1982 1265 mutari

1855 1271 1902 1289 loeo.

1877 1624 1972 1643 Sententia

1856 1647 1947 1670 Magistri.

997 2089 1107 2123 spiritus
1127 2093 1214 2116 essent
1233 2090 1286 2121 hic,
1306 2098 1357 2117 non
1377 2099 1408 2117 eo
1434 2096 1639 2126 coangustarent
1658 2093 1762 2125 locum,
1787 2102 1840 2129 quo
1872 2099 1875 2102 ‘

998 2132 1085 2157 minus
1117 2131 1150 2158 de
1182 2133 1341 2166 corporibus
1377 2134 1532 2160 contineret.
1568 2135 1685 2169 Ideoque
1721 2136 1842 2170 Augusti-

998 2182 1047 2201 nus
1075 2175 1196 2201 attribuit
1224 2176 1398 2202 mutationem
1424 2176 1476 2203 loel
1502 2179 1624 2212 corpori,
1644 2186 1696 2205 11011
1717 2180 1840 2213 spiritui,

997 2218 1059 2252 quia
1088 2218 1150 2244 licet
1177 2218 1288 2251 spiritus
1318 2222 1434 2245 transeat
1460 2220 1492 2246 dc
1522 2220 1582 2247 loco
1613 2221 1646 2247 ad
1666 2222 1767 2255 locum,
1788 2230 1839 2249 non

998 2264 1084 2287 tamen
1106 2262 1156 2292 ita,
1176 2264 1205 2287 ut
1218 2261 1429 2288 dimensionibus
1448 2263 1683 2298 circumscriptus,
1704 2265 1843 2299 interposi-

997 2304 1067 2330 tione
1081 2304 1122 2330 sui
1136 2304 1214 2330 saciat
1229 2304 1381 2331 distantiam
1396 2306 1625 2333 circumstantium
1635 2329 1640 2339 ,
1652 2308 1721 2334 sicut
1735 2315 1841 2342 corpus.

1343 2390 1403 2416 Car.
1424 2391 1487 2417 vlll.

1140 2477 1234 2502 bircam
1255 2475 1369 2510 syn'ricus
1389 2476 1472 2503 crecti
1487 2477 1542 2503 sint
1563 2478 1657 2504 locales
1677 2483 1700 2504 el

1280 2518 1553 2554 circumscripti&iles.

1066 2604 1130 2630 Sunt
1150 2611 1213 2636 ergo
1233 2604 1343 2638 spiritus
1363 2606 1444 2631 creati
1465 2606 1490 2632 in
1511 2606 1570 2632 loco
1597 2610 1622 2633 et
1642 2610 1779 2633 transeunt
1807 2608 1840 2634 de

996 2646 1054 2671 loco
1074 2645 1107 2671 ad
1128 2645 1231 2674 locum,
1255 2649 1281 2672 et
1306 2646 1423 2680 quodam
1452 2648 1530 2674 modo
1560 2649 1658 2675 locales
1678 2653 1703 2675 et
1722 2650 1840 2676 eircum-

1060 2864 1068 2877 '3
1087 2863 1146 2885 lel'.
1167 2864 1219 2886 Vlll.
1236 2870 1255 2886 C,
1274 2865 1309 2886 2²5.
1330 2871 1350 2887 Π.
1370 2865 1405 2887 48.

1061 2901 1069 2915 ³
1087 2902 1126 2923 Hic
1144 2908 1162 2924 C.
1182 2903 1202 2924 (i.
