2215 3404
189 1967 322 1986 Fundamenta.

339 235 394 262 512
1030 234 1282 263 SENTENTIARUM
1303 233 1361 262 LIB.
1383 234 1400 262 Ι.

336 311 488 341 proportione
504 312 640 334 conveniant
659 311 707 341 (cfr.
725 318 795 341 supra
814 312 835 334 d.
858 312 875 334 1.
893 318 912 334 a.
932 312 952 334 3.
971 318 992 340 q.
1016 312 1036 339 l,
1058 312 1181 341 Scholion).

338 350 412 373 Potest
429 353 505 373 tamen
522 351 636 380 quaedam
653 350 814 380 aequivocatio
831 357 882 373 esse
906 351 974 373 etiam
991 351 1013 372 in
1035 350 1116 374 eadem
1136 357 1178 378 re,

337 389 381 412 sul)
401 389 505 412 distincta
527 392 601 412 tamen
625 392 647 412 et
673 389 764 412 diversa
790 390 876 411 ratione
895 389 1032 418 significata,
1059 390 1124 412 cuius
1150 390 1181 412 rei

337 428 468 456 exemplum
485 428 607 450 adducitur
619 428 650 456 (in
668 429 741 457 corp.)
760 428 837 458 quoad
855 434 938 450 nomen
955 427 1032 457 patris
1049 429 1071 450 in
1090 428 1181 450 locutio-

338 466 417 489 nibus:
435 467 495 489 Deus
512 470 576 495 pater
593 467 652 495 Filii,
670 467 731 489 Deus
748 470 812 495 pater
829 469 913 489 noster.

400 506 423 528 ll.
441 506 537 534 Argum.
553 506 573 528 3.
583 506 606 528 in
615 506 717 528 tundam.
728 508 830 528 sumtum
842 512 868 528 ex
878 505 995 528 Aristotele
1007 506 1129 533 exponitur
1140 511 1182 533 per

338 545 453 574 quandam
471 546 635 568 restrictionem
653 546 674 567 in
692 545 736 567 tine
754 551 817 573 corp.
829 557 862 561 —
873 545 958 568 Solutio
976 545 1004 567 ad
1018 545 1039 567 3.
1057 551 1101 567 non
1115 545 1181 567 datur

337 584 447 612 explicite,
458 585 511 613 quia
529 585 641 612 principia
659 585 732 612 posita
750 585 772 606 in
789 585 856 608 solut.
874 584 904 607 ad
921 585 941 607 2.
959 585 1081 607 sufficiunt.
1100 583 1189 607 Maior.

337 624 397 645 enim
419 624 441 644 in
460 623 480 645 3.
498 623 578 646 obiect.
596 627 630 645 est
648 629 715 650 vera;
733 622 813 646 minor
830 626 906 645 autem
924 623 985 645 salsa.
1004 624 1052 645 Non
1071 624 1131 645 enim
1154 629 1180 645 ex

337 661 381 685 liae
398 663 496 690 ratione,
515 662 579 691 quod
592 661 750 691 principium,
769 662 919 685 essentialiter
931 665 1045 690 sumtum,
1063 664 1097 684 est
1108 663 1129 684 in
1143 662 1181 684 tri-

337 700 381 723 bus
391 701 513 728 *pei-sonis,
526 701 668 723 notionaliter
679 704 793 729 sumtum,
805 702 827 722 in
841 700 944 729 duobus,
955 701 1104 728 personaliter
1116 707 1179 728 vero,

337 740 357 761 in
377 746 432 768 uno,
450 740 516 768 argui
533 743 619 768 potest,
638 740 737 762 verbum
753 739 898 769 principium
916 746 959 761 non
983 740 1042 761 sumi
1065 740 1178 767 univoce;

336 778 377 800 sed
394 779 437 801 hoc
453 779 557 807 sequitur
573 785 600 801 ex
617 778 666 801 alia
683 780 783 807 ratione,
801 779 847 801 scil.
866 779 919 807 quia
931 779 953 800 in
966 779 1042 806 primo
1060 778 1119 800 dicto
1129 784 1180 800 con-

336 820 427 839 notatur
444 821 559 846 creatura,
577 819 598 840 in
611 818 659 840 aliis
670 824 727 840 vero
745 824 796 840 non.
814 818 861 840 Hac
878 818 1003 840 differentia
1016 817 1180 839 cmuiotationis

336 858 473 884 importatur
489 856 652 885 multiplicitas
669 856 852 885 significationis,
876 862 920 878 non
944 859 1020 878 autem
1042 854 1180 885 aequivocu-

337 895 417 923 tionis,
437 895 478 918 sed
495 896 620 924 analogiae.

399 934 431 956 lli.
449 935 507 957 Inter
524 937 628 957 auctores
645 935 751 963 antiquos
763 940 807 957 non
824 937 858 957 est
869 934 981 956 dissensio
994 933 1070 962 quoad
1084 939 1179 962 respon-

1238 313 1326 334 sionem
1343 313 1424 340 ipsam.
1443 312 1488 335 Sed
1505 312 1598 340 plurimi
1616 313 1725 335 scotistae
1743 312 1871 335 secundum
1884 313 2011 336 doctrinam
2023 314 2082 336 Scoti

1240 350 1263 379 (l.
1282 351 1342 373 Sent
1362 351 1383 373 d.
1403 351 1423 373 8.
1441 358 1463 380 q.
1482 352 1503 374 3.
1521 358 1542 373 n.
1562 351 1608 380 112.)
1626 357 1670 373 non
1694 351 1823 373 concedunt
1843 352 2024 379 propositionem
2046 352 2086 375 Sc-

1238 391 1326 418 rapliici
1344 390 1382 419 (ad
1401 391 1443 420 1.),
1462 391 1525 419 quod
1542 390 1672 420 atzaloqum
1690 391 1719 413 sit
1736 391 1839 413 medium
1857 391 1916 413 inter
1931 397 1994 420 pure
2004 391 2084 415 univo-

1238 435 1293 452 cum
1310 432 1332 451 et
1349 429 1519 459 aequivocum,-
1536 431 1606 458 quam
1625 429 1775 452 differentiam
1794 430 1929 457 opinionum
1947 430 2042 452 Brulitei·
2061 431 2083 452 in

1238 468 1385 491 concordiam
1404 469 1487 497 redigit
1500 468 1590 495 dicens,
1609 469 1631 490 S.
1649 469 1833 490 Bonaventuram
1853 469 1914 497 loqui
1932 468 1961 491 (le
1979 470 2084 497 univoco,

1238 508 1260 529 in
1278 514 1324 536 quo
1341 507 1423 530 eadem
1441 508 1498 530 ratio
1515 508 1640 536 aequaliter
1657 507 1807 535 participatur
1824 507 1853 529 ab
1877 507 1919 529 iliis
1940 507 2026 536 quibus
2048 514 2085 530 no-

1238 552 1289 569 men
1307 549 1341 569 est
1358 552 1496 575 commune,
1515 547 1596 569 Scotus
1612 552 1669 569 vero
1687 546 1715 568 de
1732 552 1773 574 eo,
1792 552 1838 575 quo
1855 546 1937 568 eadem
1955 547 2011 569 ratio
2023 547 2085 569 inae-

1238 584 1335 612 qualiter
1357 585 1513 612 participatur.
1532 585 1635 607 Mastrius
1652 588 1728 607 autem
1747 584 1909 613 (Philosophia
1930 585 1960 607 ad
1984 587 2083 608 mentem

1237 623 1304 651 Scoti,
1323 625 1377 645 tom.
1395 623 1409 645 l.
1427 623 1486 651 disp.
1505 624 1525 645 2.
1544 630 1565 652 q.
1584 623 1604 646 5.
1617 630 1636 646 a.
1651 624 1681 652 3.)
1694 624 1772 652 docet,
1785 624 1848 653 quod
1864 632 1874 644 α
1887 624 2022 653 analogum,
2035 623 2085 653 for—

1237 660 1332 684 maliter
1349 664 1463 690 sumtum,
1476 662 1505 684 ita
1518 662 1603 685 mediat
1619 663 1677 685 inter
1694 663 1820 685 univocum
1838 665 1860 685 et
1876 663 2042 691 aequivocum,
2060 666 2085 685 ut

1237 705 1355 728 nunquam
1373 706 1426 722 cum
1443 701 1513 723 altero
1525 701 1650 729 coincidat;
1668 704 1690 723 at
1701 700 1858 724 vzaterialiter
1869 705 1978 730 sumtum,
1992 707 2084 730 semper

1237 745 1290 761 cum
1308 739 1415 761 alterutro
1432 739 1539 761 coincidit
1551 748 1571 761 u.

1300 777 1335 799 lV.
1354 778 1415 799 Alex.
1433 778 1493 806 Hal,
1512 778 1533 800 S.
1546 784 1568 806 p.
1582 778 1595 800 l.
1614 785 1635 807 q.
1654 778 1691 800 70.
1710 784 1740 800 m.
1762 779 1779 800 1.
1791 791 1823 795 -
1835 779 1856 800 S.
1870 779 2009 807 '1¹nom.‚nic
2026 785 2048 808 q.
2064 779 2083 802 l.

1237 822 1256 838 a.
1275 816 1296 838 2.
1313 828 1345 832 —
1362 817 1418 838 Petr.
1445 823 1457 838 a
1476 816 1536 845 Tar„
1554 817 1590 838 hic
1607 823 1629 845 q.
1647 817 1725 845 unica,
1743 823 1762 839 a.
1781 817 1801 839 2.
1818 829 1849 833 —
1865 817 1971 840 Richard.
1990 824 2002 840 a
2018 817 2083 846 Med,

1238 857 1274 878 liic
1292 863 1314 885 q.
1333 857 1353 878 2.
1370 868 1402 872 —
1419 856 1492 884 AEgid.
1511 856 1544 884 R„
1563 856 1599 878 liic.
1625 857 1645 878 2.
1671 857 1743 884 princ.
1763 863 1784 885 q.
1804 857 1823 879 l.
1836 868 1867 873 —-
1883 856 1976 884 Dionys.
2000 856 2083 885 Carth,

1237 895 1273 916 liic
1291 901 1312 923 q.
1331 895 1351 916 2.
1369 907 1401 911 —-
1418 894 1477 923 niet,
1495 895 1532 916 liic
1549 901 1570 923 q.
1590 895 1663 917 unica.

1057 1056 1290 1091 ARTICULUS
1317 1058 1354 1091 ll.

904 1174 945 1202 De
961 1173 1111 1212 principio
1133 1178 1275 1212 (justitium
1297 1175 1338 1203 acl
1358 1175 1509 1204 imitatem.

412 1308 617 1345 Consequenter
639 1312 680 1337 est
702 1309 828 1345 quaestio
849 1309 884 1337 de
905 1309 1028 1338 secundo
1051 1308 1178 1340 articulo,

334 1354 437 1383 scilicet
468 1355 502 1384 de
533 1356 638 1384 unitate
669 1355 755 1384 huius
787 1355 906 1384 nominis
928 1355 1129 1393 principium,
1152 1359 1178 1384 et

334 1401 406 1430 eirca
427 1402 479 1431 hoe
500 1406 676 1439 quaeruntur
698 1403 762 1432 duo.

411 1450 502 1478 Primo
524 1450 685 1486 quaeritur,
707 1452 803 1478 utrum
819 1450 898 1478 Pater
923 1452 950 1479 et
974 1450 1058 1478 Filius
1072 1449 1179 1486 possint

1236 1308 1289 1337 dici
1311 1317 1405 1337 unum
1422 1309 1605 1346 principium
1624 1309 1743 1346 Spiritus
1764 1309 1858 1338 saneti.

1315 1355 1459 1390 Secundo,
1481 1358 1576 1384 utrum
1601 1356 1705 1393 possint
1726 1356 1778 1385 dici
1800 1365 1878 1384 muts
1891 1356 2023 1394 spirator
2039 1356 2082 1385 vel

1237 1401 1313 1430 idem
1331 1402 1516 1439 principium
1538 1403 1657 1440 Spiritus
1679 1403 1774 1432 sancti.

1105 1581 1266 1618 QUAESTIO
1289 1582 1306 1610 1.

614 1691 717 1720 Utrum
739 1692 830 1720 Pater
852 1696 877 1720 et
898 1692 993 1720 Filius
1015 1692 1076 1720 diez·
1092 1692 1205 1729 possint
1226 1700 1320 1720 <tinum
1338 1692 1523 1729 principium
1546 1692 1676 1729 Spiritus
1697 1692 1801 1721 saneti.

411 1823 490 1860 Quod
511 1827 604 1852 autem
628 1825 733 1861 possint
748 1824 799 1853 dici
816 1833 907 1853 totum
920 1825 1106 1862 principium
1122 1825 1178 1862 Spi-

331 1870 402 1899 ritus
424 1870 529 1903 saneti,
552 1870 671 1899 videtur.

412 1918 433 1945 i.
450 1917 477 1945 ln
494 1917 603 1945 littera¹
626 1918 740 1946 dicitur:
762 1919 938 1947 «Fatendum
953 1921 1006 1953 est,
1027 1919 1135 1948 Patrem
1149 1922 1176 1947 et

329 1963 427 1992 Filium
450 1972 538 1992 unum
559 1971 619 1993 esse
641 1965 810 2002 principium
832 1965 951 2002 Spiritus
973 1966 1096 1994 sancti».

407 2012 433 2039 ἰ).
456 2010 541 2045 item,
570 2011 685 2039 ratione
716 2012 843 2047 videtur,
875 2012 940 2049 quia
971 2012 1056 2041 unius
1078 2013 1177 2050 princi-

327 2057 394 2094 piati
416 2065 504 2086 unum
527 2060 568 2086 est
589 2058 758 2095 principium
780 2058 807 2087 in
828 2067 884 2087 uno
906 2067 1007 2096 genere
1015 2070 1022 2093 3
1049 2059 1098 2088 sed
1120 2059 1176 2095 Spi-

328 2105 398 2133 ritus
419 2108 531 2133 sanctus
549 2113 621 2134 unus
637 2108 692 2134 est:
709 2113 776 2142 ergo
791 2106 876 2134 habet
890 2114 979 2134 unum
994 2106 1173 2143 principium.

328 2151 398 2188 Ergo
420 2152 442 2180 si
464 2152 623 2180 immediate
645 2155 671 2180 et
692 2152 812 2189 perfecte
834 2155 876 2181 est
897 2161 913 2181 a
929 2153 1007 2181 Patre
1031 2156 1057 2181 et
1078 2153 1143 2181 Filio
1154 2153 1173 2187 ²,

328 2201 392 2227 sunt
414 2207 480 2235 ergo
502 2199 580 2227 Pater
603 2202 630 2228 et
651 2199 734 2228 Filius
754 2207 843 2228 unum
866 2200 1043 2237 principium.

407 2245 431 2274 3.
454 2246 529 2279 [tem.
552 2246 631 2274 Pater
653 2249 679 2274 et
711 2246 794 2274 Filius
815 2247 937 2283 spirant:
959 2249 1008 2275 aut
1029 2255 1096 2283 ergo
1117 2255 1173 2275 una

326 2292 460 2328 potentia,
482 2295 529 2320 aut
551 2292 670 2321 duabus.
696 2292 807 2321 Constat
829 2293 903 2329 quod
925 2301 999 2327 una,
1022 2293 1087 2330 quia
1109 2301 1173 2321 cum

326 2347 383 2367 una
404 2342 445 2367 est
467 2339 493 2367 in
515 2339 554 2367 eis
576 2339 715 2372 essentia,
737 2342 779 2367 est
809 2342 836 2367 et
860 2347 916 2367 una
934 2339 1084 2376 potentia:
1107 2347 1173 2376 ergo

327 2393 390 2414 cum
412 2385 490 2414 tres³
513 2386 641 2415 dicantur
673 2393 733 2414 esse
761 2385 931 2423 principium
952 2386 1059 2414 ratione
1082 2389 1173 2423 poten-

326 2432 389 2467 tiae,
411 2436 437 2461 et
458 2440 514 2461 una
536 2432 570 2461 sit
591 2432 714 2469 potentia
735 2432 763 2460 in
786 2432 864 2461 Patre
887 2435 913 2461 et
934 2433 1009 2467 Filio,
1031 2436 1106 2469 patet
1121 2437 1171 2461 etc..

404 2480 430 2508 ll..
452 2479 538 2514 Item,
566 2479 637 2508 sieut
666 2482 722 2508 tres
753 2487 888 2516 personae
917 2480 1000 2508 unica
1033 2480 1172 2508 creatione

327 2529 433 2561 creant,
456 2526 493 2555 ita
521 2527 593 2555 duae
614 2526 696 2555 unica
717 2526 867 2563 spiratione
889 2527 996 2564 spirant
1004 2537 1011 2561 3
1034 2526 1083 2555 sed
1105 2529 1171 2561 tres,

326 2573 392 2610 quia
412 2573 494 2601 unica
515 2573 653 2602 creatione
675 2576 784 2607 creant,
806 2576 871 2602 sunt
892 2581 981 2601 unum
1003 2573 1171 2610 principium

327 2623 482 2649 creaturae:
518 2628 584 2657 ergo
619 2620 691 2649 duae
726 2628 815 2648 unum
850 2620 1020 2657 principium
1053 2620 1172 2657 Spiritus

327 2667 421 2695 sancti.

1313 1824 1440 1853 CONTRissx:
1466 1826 1490 1853 1.
1521 1824 1589 1853 Cum
1622 1825 1751 1853 diciturr
1772 1827 1837 1853 sunt
1857 1833 1951 1853 timim
1968 1825 2208 1872 princi-Adtgpnnosi-

1230 1871 1316 1908 pium
1338 1871 1457 1909 Spiritus
1479 1871 1580 1906 saneti,
1602 1875 1650 1900 aut
1671 1880 1765 1899 upum
1797 1871 1863 1900 dicit
1884 1871 2018 1901 unitatem
2041 1880 2079 1900 es·
2168 1868 2171 1872 '

1233 1918 1358 1952 sentiae,
1384 1920 1433 1946 aut
1464 1918 1598 1947 unitatem
1620 1927 1772 1955 personae,
1794 1921 1843 1947 aut
1863 1919 1998 1947 notionis.
2020 1918 2079 1947 Non

1233 1965 1382 1999 essentiae,
1398 1965 1463 2002 quia
1479 1969 1543 1994 tunc
1559 1965 1679 2002 Spiritus
1694 1968 1807 1994 sanetus
1822 1968 1894 1994 esset
1908 1965 2079 2002 principium

1233 2012 1352 2049 Spiritus
1385 2012 1486 2046 sancti3
1517 2020 1572 2040 non
1592 2020 1744 2049 personae,
1777 2012 1843 2049 quia
1864 2014 1931 2041 tunc
1953 2012 2031 2041 Pater
2052 2014 2079 2041 et

1233 2058 1316 2087 Filius
1337 2061 1430 2087 essent
1451 2067 1507 2087 una
1527 2066 1661 2095 persona:
1695 2067 1761 2096 ergo
1782 2058 1916 2087 notionis.
1940 2058 1996 2087 Sed
2017 2067 2080 2087 cooz-

1233 2109 1301 2134 tra:
1323 2106 1344 2134 si
1368 2106 1447 2134 Pater
1478 2109 1505 2135 et
1536 2106 1620 2135 Filius
1648 2109 1763 2143 propter
1793 2106 1927 2135 unitatem
1960 2105 2079 2135 notionis

1232 2153 1365 2182 dicuntur
1376 2162 1469 2181 timim
1490 2153 1686 2190 principium,
1702 2161 1768 2190 ergo
1783 2153 1820 2181 ab
1835 2146 1983 2190 oppositi-5,
1999 2153 2079 2181 Pater

1231 2203 1346 2237 propter
1367 2200 1557 2237 pluralitatem
1579 2201 1698 2229 notionis
1719 2203 1809 2237 potest
1830 2200 1883 2229 diei
1906 2200 1989 2237 plura
2003 2200 2078 2237 prin-

1231 2247 1310 2284 cipia.

1311 2295 1335 2321 ⁶2.
1359 2294 1441 2328 Item,
1464 2294 1485 2322 si
1509 2293 1587 2322 Pater
1615 2297 1657 2322 est
1687 2293 1857 2331 principium
1878 2293 1997 2330 Spiritus
2019 2302 2078 2322 san-

1230 2340 1281 2374 cti,
1303 2342 1330 2368 et
1358 2340 1442 2369 Filius
1473 2340 1678 2377 principium&
1710 2343 1737 2369 et
1758 2341 1811 2369 hoc
1831 2340 1999 2378 principium
2022 2348 2075 2369 non

1230 2390 1271 2415 est
1293 2387 1377 2415 illud:
1400 2395 1466 2423 ergo
1488 2389 1553 2415 sunt
1574 2387 1631 2415 duo
1652 2387 1796 2425 principia.

1310 2432 1335 2461 3.
1358 2433 1438 2467 item,
1461 2433 1540 2462 Pater
1561 2436 1588 2462 et
1610 2433 1693 2462 Filius
1715 2436 1779 2462 sunt
1793 2442 1882 2462 unuin
1898 2433 2075 2470 principium,

1229 2487 1296 2516 ergo
1318 2488 1405 2508 unum
1420 2479 1590 2517 principium
1612 2483 1653 2508 est
1675 2480 1755 2509 Pater
1769 2483 1796 2509 et
1818 2480 1912 2509 Filius:
1936 2483 1963 2509 et
1977 2480 1998 2509 si
2014 2480 2075 2514 hoc,

1229 2534 1295 2563 ergo
1316 2526 1395 2555 Pater
1416 2529 1457 2555 est
1478 2526 1570 2555 Filius.

1308 2574 1334 2602 [ι.
1357 2574 1433 2608 Item,
1455 2574 1477 2602 si
1499 2582 1587 2602 unum
1610 2576 1675 2602 sunt
1697 2573 1881 2614 principium:
1903 2576 1952 2602 aut
1975 2581 2074 2608 unum,

1229 2620 1304 2657 quod
1326 2623 1367 2650 est
1388 2621 1486 2655 Pater,
1507 2624 1556 2649 aut
1576 2628 1681 2655 unum,
1704 2621 1776 2658 quod
1800 2629 1854 2649 non
1876 2624 1917 2650 est
1939 2621 2026 2649 Pater.
2048 2620 2075 2648 Si

1229 2675 1333 2702 unum,
1362 2667 1436 2704 quod
1468 2670 1510 2696 est
1540 2667 1637 2696 Pater:
1660 2676 1726 2705 ergo
1759 2668 1837 2696 Pater
1859 2670 1886 2696 et
1906 2667 1990 2696 Filius
2010 2669 2076 2696 sunt

390 2883 396 2896 1
416 2882 470 2910 Cap.
489 2883 510 2904 3.
527 2895 558 2899 -
576 2883 645 2905 Paulo
662 2883 769 2910 superius
786 2885 837 2910 post
853 2882 996 2912 principittm
1018 2883 1068 2905 Vat.
1090 2883 1172 2905 adiun-

328 2923 359 2950 git
377 2928 431 2944 esse.

389 2960 399 2974 ἵ
416 2960 460 2982 Csr.
479 2960 500 2981 d.
524 2961 554 2982 12.
574 2967 595 2988 (ι.
614 2961 634 2982 2.

390 2998 399 3013 ³
416 2998 471 3020 (iod.
490 2999 508 3020 T
534 3000 580 3021 tres
602 3004 731 3027 persoime,⁴
752 2999 803 3021 cod.
828 2998 845 3021 O
863 3002 884 3021 et
905 2999 941 3021 cd.
965 3000 973 3021 Ἰ1
1000 3005 1037 3022 res
1058 2999 1171 3027 (lit-suar,-

1228 2883 1277 2904 Vat.
1295 2884 1317 2903 et
1333 2882 1389 2903 uliae
1406 2881 1458 2903 edd.
1477 2887 1530 2903 cum
1548 2881 1598 2903 cod.
1617 2888 1642 2903 cc
1660 2882 1713 2904 satis
1731 2881 1790 2904 bene
1807 2881 1857 2910 ipsi.
1875 2881 1947 2904 Ceteri
1966 2881 2033 2903 codd.
2047 2884 2071 2903 ut

1228 2922 1249 2943 in
1268 2924 1339 2948 textu3
1358 2926 1417 2949 quae
1434 2920 1499 2942 lectio
1517 2926 1560 2942 non
1579 2923 1613 2943 est
1630 2921 1694 2947 salsa,
1708 2927 1760 2942 eum
1780 2922 1835 2943 ratio
1844 2919 1957 2949 principii
1967 2922 2071 2947 respectu

1229 2961 1398 2983 &resiturarum
1414 2960 1482 2981 ctiam
1500 2960 1592 2986 Spiritui
1610 2960 1631 2981 S.
1650 2961 1771 2982 conxeniat
1788 2959 1837 2988 (cfr.
1855 2960 1891 2981 iiic
1909 2959 1963 2981 dub.
1983 2959 2002 2980 2.
2017 2958 2055 2986 3.).

1291 2998 1299 3012 ⁴
1317 2998 1402 3026 §appio
1420 3004 1473 3020 eum
1492 2998 1558 3020 codd.
1577 3005 1603 3020 aa
1621 2998 1652 3020 bb
1669 2998 1773 3027 Spiritus
1790 2997 1872 3021 sancti.
