2215 3404
0 2314 128 2339 dundamenta.

742 196 823 223 DIST.
846 196 945 224 xxxii.
967 196 1039 224 ART.
1062 196 1079 224 1.
1102 197 1236 233 QUAEST.
1260 199 1287 226 11.

1831 204 1884 231 559

881 334 1141 371 SOHOLION.

203 471 216 492 l.
233 471 294 492 Haec
311 471 414 498 quaestio
431 471 550 498 supponit,
569 471 679 498 Spiritum
697 471 718 492 S.
737 469 863 498 procedere
880 476 922 497 per
938 475 985 491 mo-

139 510 195 533 dum
213 511 306 532 mutuae
323 510 422 531 caritatis
438 512 461 531 et
477 512 502 531 ut
519 515 590 531 nexus
608 509 678 531 Patris
695 511 718 531 et
733 509 792 537 Filii,
811 509 839 531 de
862 514 908 536 quo
931 508 984 530 vide

138 556 209 577 supra
227 549 249 571 d.
269 549 304 570 to.
322 555 342 570 a.
362 549 381 570 1.
400 555 421 576 q.
440 548 487 575 2-3,
506 551 528 570 et
550 555 570 570 a.
588 549 609 570 2.
635 555 656 576 q.
675 549 696 570 2.
717 559 749 564 —
770 548 802 570 De
823 554 892 569 seusu
916 548 985 569 huius

138 588 258 610 locutionis
274 587 354 609 Petrus
370 586 516 609 Lombardus
533 587 579 615 (hic
596 593 615 608 (¹.
637 587 664 614 l.)
682 587 736 608 nihil
754 592 824 608 ausus
835 588 870 608 est
881 586 983 613 definire,

137 627 269 655 multaeque
286 629 377 648 exortae
393 628 446 647 sunt
462 626 593 653 opiniones,
612 631 711 654 quarum
728 626 830 654 quinque
842 625 871 647 ab
883 624 983 652 Aiberto,

138 670 222 687 novem
241 671 252 686 a
270 665 292 686 S.
311 664 399 685 'l'homa
418 664 450 691 tin
468 662 595 686 Commeut.
614 664 650 685 hic
667 670 689 691 q.
712 664 728 685 l.
747 670 766 685 a.
789 664 823 691 1.),
846 666 891 685 tres
912 664 948 685 hic
971 669 983 685 a

138 704 159 725 S.
177 704 337 726 Bonaventura
354 706 509 724 recensentur.
535 701 618 724 Prima
643 703 721 729 opinio
747 702 783 724 liic
808 703 894 730 posita,
920 701 983 730 quod

138 743 159 765 S.
177 743 320 770 Augustinus
338 743 395 764 hanc.
412 742 485 769 ipsam
504 741 642 764 locutionem
659 742 826 769 retractaverit,
845 740 984 763 adscribitur

137 782 229 804 cuidam
247 781 366 808 Gotfredo;
384 780 513 803 secundam
530 781 635 808 sequitur
651 780 787 809 Durandus,
801 781 839 808 qui
858 780 904 809 (hic
915 787 937 809 q.
953 780 982 809 1.)

138 821 202 849 dicit,
219 821 283 849 quod
299 826 401 842 «omues
422 819 553 847 praedictae
579 819 748 847 propositiones
773 823 826 841 sunt
850 819 983 846 simpliciter

137 860 216 888 salsae,
234 860 252 881 si
270 858 367 888 diliqere
383 861 488 881 sumatur
504 857 671 886 ozotsonaliter,·
688 858 706 880 si
724 864 780 879 vero
792 861 896 880 sumatur
909 863 982 880 essen-

137 898 235 926 tialicer,
253 899 285 921 sic
302 902 355 920 sunt
372 904 452 924 verae,
470 898 522 919 licet
538 898 583 919 sint
599 897 741 925 impropriae
759 900 779 918 et
798 897 850 918 ideo
867 902 983 924 exponen—

137 937 181 960 dae
198 946 208 957 n
235 937 291 964 (scil.
316 940 340 959 ut
364 936 505 963 accipiantur
522 942 564 963 per
589 935 812 963 appropriationem,
839 935 891 963 quia
918 941 983 957 amor

136 977 299 1004 appropriatur
315 975 408 1003 Spiritui
426 974 466 1003 S.).
483 975 544 996 Haec
554 975 664 996 sententia
677 974 788 996 evertitur
805 973 898 996 duobus
916 980 982 1001 argu—

136 1016 219 1037 mentis
235 1015 315 1043 positis
332 1015 353 1036 in
372 1020 434 1042 corp.
466 1013 516 1039 (sed
539 1013 650 1035 distinctis
667 1013 739 1041 locis).
759 1012 838 1035 Tertia
855 1014 932 1041 opinio
949 1016 983 1035 est

136 1054 240 1082 Hugonis
256 1060 268 1075 a
286 1054 307 1075 S.
331 1053 435 1081 victore,
461 1053 497 1074 cui
521 1053 543 1074 S.
565 1053 659 1080 Bonan,
682 1052 703 1074 S.
728 1052 818 1079 Thom.,
842 1052 866 1073 B.
889 1052 982 1080 Albert„
1009 1061 1011 1070 ι

136 1092 197 1114 Alex.
214 1092 261 1113 Hal.
280 1091 345 1119 (salso
362 1091 405 1119 ipsi
422 1090 552 1113 attribuitur
564 1091 673 1112 sententia
685 1090 804 1118 Durandi),
818 1090 875 1112 Dctr.
888 1096 899 1111 a
921 1090 981 1118 Tar.,

136 1130 243 1152 Richard.
261 1136 272 1152 a
299 1130 356 1152 Med.
374 1130 458 1158 aliique
475 1130 638 1157 suffragantur.
661 1129 722 1151 Haec
746 1128 832 1158 optimc
856 1130 983 1156 explicatur

136 1170 158 1191 111
175 1169 244 1191 solut.
261 1169 289 1191 ad
308 1169 328 1190 3.
348 1168 398 1196 (cfr.
416 1174 486 1196 supra
505 1168 526 1190 d.
545 1168 581 1190 27.
600 1175 622 1195 p.
637 1168 659 1190 ll.
677 1175 699 1197 q.
722 1169 777 1196 l,et
790 1168 811 1190 d.
829 1169 861 1189 10.
874 1167 929 1190 dub.
943 1168 981 1196 3.),

135 1220 166 1224 -
183 1209 264 1230 Scotus
282 1208 351 1230 utitur
368 1207 523 1229 fundamenus
540 1214 551 1229 a
570 1207 591 1229 S,
609 1207 695 1229 Bonav.
717 1207 745 1229 ad
769 1207 790 1228 3.
808 1208 883 1235 iactis,
907 1207 982 1229 distin-

136 1246 230 1275 guendo
247 1247 305 1269 inter
330 1252 433 1268 amorem
454 1246 597 1268 essentialem
622 1248 644 1267 et
669 1246 806 1267 notionalem
833 1245 901 1271 (sicut
924 1246 982 1267 inter

135 1285 264 1315 intelligere
280 1289 303 1308 et
319 1285 411 1313 dicere),
424 1288 446 1307 et
457 1285 562 1313 resolvit,
580 1285 718 1307 locutionem
731 1291 781 1307 esse
792 1285 883 1312 salsam,
896 1287 945 1306 tum
963 1285 981 1306 si
1009 1301 1010 1318 3

136 1325 231 1353 diligere
247 1328 352 1347 sumatur
367 1330 428 1353 pure
444 1323 609 1352 essentialiter,
629 1326 677 1346 tum
699 1325 716 1346 si
735 1326 840 1346 sumatur
860 1330 920 1354 pure
940 1330 981 1347 ⁷10-

135 1363 269 1391 tlonalitem
287 1364 435 1385 nihilominus
452 1364 549 1385 eandem
567 1369 617 1385 0550
635 1369 728 1391 verani,
747 1364 765 1385 si
783 1367 887 1385 sumatur
906 1363 981 1386 medio

134 1402 215 1431 modo,
239 1404 268 1425 ita
294 1405 318 1425 ut
343 1409 424 1425 sensus
450 1404 488 1425 sit:
516 1403 647 1430 producunt
672 1403 781 1430 Spiritum
805 1404 834 1431 S„
858 1403 981 1425 habentem

135 1441 292 1464 habitudinem
310 1441 427 1470 quandam
445 1442 474 1463 ad
492 1441 657 1469 producentes,
677 1447 775 1469 quorum
794 1442 844 1469 ipse
859 1445 892 1464 051
904 1447 980 1464 amor.

136 1481 198 1504 Idem
215 1482 291 1509 arguit
307 1481 374 1503 etiam
394 1484 471 1503 contra
490 1482 588 1503 rationes
614 1481 635 1502 S.
659 1481 761 1503 Thomae
785 1481 839 1503 satis
860 1481 979 1503 subtiliter.

135 1520 175 1543 Cui
193 1521 283 1548 placent
300 1521 342 1542 hae
359 1520 529 1548 disquisitiones
540 1520 670 1542 subtiliores
682 1526 752 1548 quam
770 1520 882 1547 utiliores,
901 1520 980 1542 ridere

134 1564 173 1580 eas
190 1561 265 1586 potest
281 1558 343 1586 apud
362 1558 460 1580 Caietan.
480 1558 518 1585 (ad
535 1559 556 1580 S.
570 1559 584 1580 Ι.
597 1565 618 1587 q.
638 1559 674 1580 37.
688 1565 707 1580 a.
721 1559 764 1587 tl),
783 1559 846 1586 apud
858 1558 981 1580 Commen-
1008 1558 1009 1571 ³

134 1600 230 1620 tatorem
248 1597 308 1619 Scoti
326 1598 452 1625 Lychetum
470 1596 516 1625 (1110
534 1604 555 1625 q.
579 1598 620 1625 l.);
641 1600 663 1619 et
674 1597 748 1625 Rada,
762 1601 865 1619 controv.
883 1597 920 1625 173
938 1597 980 1619 Ma-

134 1636 199 1664 cedo,
212 1636 261 1658 coll.
275 1637 295 1658 9.
310 1636 356 1657 dit'l'.
374 1636 390 1657 1.
409 1636 510 1665 aliosqut¹
528 1637 611 1658 multos
629 1637 748 1665 utriusque
765 1637 855 1658 scholae
868 1639 980 1658 auctores.

197 1674 219 1696 ll.
239 1674 261 1696 ln
279 1675 344 1697 solut.
363 1674 391 1696 ad
409 1674 430 1696 5.
449 1676 546 1702 negatur
562 1674 649 1702 ‘minatg
664 1675 747 1697 scilicet
761 1674 824 1703 quod
837 1675 927 1697 dileetio
940 1675 979 1697 Dei

1041 470 1069 492 atl
1089 476 1129 493 nos
1146 472 1173 493 sit
1190 472 1285 495 omnino
1303 474 1442 501 essentialis,
1461 474 1512 496 licet
1528 477 1636 498 connotel
1652 477 1738 505 aliquid
1759 479 1883 501 essentiale.

1041 509 1175 536 Expressius
1193 510 1254 532 idem
1272 511 1368 534 docetur
1385 519 1396 534 a
1415 514 1436 535 S.
1455 513 1543 536 Thomu
1562 515 1613 542 (loc.
1632 517 1668 537 cit.
1686 516 1715 538 ad
1733 517 1772 544 3.),
1790 517 1829 539 ubi
1842 518 1884 540 ait:

1044 556 1054 567 (ι
1068 548 1193 571 Dicendum
1202 567 1207 577 ,
1226 550 1289 578 quod
1307 551 1371 573 Pater
1388 558 1432 573 non
1450 553 1523 574 solum
1537 554 1624 581 Filium,
1637 555 1678 576 sed
1690 556 1757 577 etiam
1769 562 1793 578 se
1805 557 1826 578 et
1841 561 1885 579 ‘nos

1041 586 1116 616 diligit
1132 587 1216 615 Spiritu
1241 589 1262 610 S.
1276 598 1296 611 ».
1314 589 1395 612 Scotus
1417 597 1474 613 vero
1496 591 1547 620 (loc.
1570 593 1605 615 cit.
1629 599 1650 614 n.
1678 593 1720 622 14.)
1739 595 1798 616 iuxta
1822 595 1883 616 viam

1040 632 1106 647 suam
1125 627 1168 649 hoc
1191 633 1235 648 non
1258 628 1383 657 approbat,
1406 632 1427 651 et
1448 630 1516 651 etiam
1539 631 1622 653 Suarez
1645 635 1724 660 putat,
1747 633 1883 655 locutionem

1040 664 1099 686 hanc
1116 670 1160 686 non
1178 671 1229 687 esse
1246 666 1365 693 propriam
1384 673 1425 689 nec
1437 668 1501 689 facile
1514 669 1678 696 usurpandam.
1692 670 1723 692 De
1736 670 1884 693 fundamento

1039 704 1163 725 sententiae
1181 704 1283 731 Angelici
1301 708 1323 727 et
1340 706 1457 733 Seraphici
1475 707 1515 728 cir.
1533 713 1601 735 supra
1620 708 1642 730 d.
1662 708 1698 730 27.
1717 715 1738 736 p.
1757 709 1779 731 ll.
1797 716 1819 738 q.
1833 710 1853 737 2,
1863 713 1885 731 et

1040 741 1061 763 d.
1081 742 1116 764 18.
1135 748 1156 770 q.
1175 743 1195 764 2.
1214 742 1235 765 5.
1251 755 1284 759 —
1302 744 1481 771 propositionem
1507 752 1563 768 vero
1581 747 1650 769 hanc:
1668 747 1739 770 Pater
1763 747 1839 777 diligit
1860 754 1884 771 se

1040 779 1131 809 Spiritu
1156 780 1189 809 S.,
1209 782 1348 810 Seraphicus
1365 783 1396 811 (in
1419 783 1464 806 sine
1481 785 1554 813 corp.)
1572 792 1616 807 uon
1634 786 1725 808 videtur
1742 787 1883 816 concedere.

1039 826 1109 848 quam
1127 822 1202 842 tamen
1221 821 1242 842 S.
1257 821 1339 843 Thom.
1358 822 1390 849 (S.
1404 822 1417 844 1.
1436 829 1458 850 q.
1478 823 1514 844 37.
1528 829 1547 845 a.
1565 824 1586 845 2.
1599 824 1627 846 ad
1645 825 1676 852 3.)
1696 828 1718 847 et
1730 826 1788 847 Scot.
1806 826 1884 848 admit-

1039 861 1087 880 tere
1105 865 1150 881 non
1168 859 1280 882 dubitant.
1299 860 1320 882 S.
1339 860 1424 883 Bonax‘.
1443 864 1519 883 autem
1532 862 1632 890 loquitur
1643 863 1674 885 ibi
1686 863 1715 885 de
1732 870 1810 886 amore
1827 871 1884 892 pure

1038 899 1151 920 essentiali
1164 901 1185 919 et
1198 898 1225 920 de
1238 899 1323 926 Spiritu
1337 900 1358 921 S.
1372 901 1527 927 pei-sonaliter,
1542 907 1586 923 0011
1599 905 1675 924 autem
1685 903 1713 924 de
1724 902 1819 932 ditmare
1831 910 1884 932 qua-

1038 939 1103 958 tenus
1119 945 1129 956 «
1141 938 1249 965 importat
1266 939 1334 959 etiam
1351 944 1474 966 personam
1492 939 1629 967 productam
1647 947 1689 968 per
1706 942 1801 963 modum
1821 948 1885 965 amo-

1039 976 1081 1002 ris,
1100 977 1139 1004 qui
1157 975 1226 998 habet
1243 976 1402 999 habitudinem
1429 978 1458 999 ad
1484 984 1532 1000 rem
1559 978 1684 1001 dilectam»
1706 980 1744 1005 (ita
1762 981 1784 1002 S.
1802 981 1884 1003 Thom.

1039 1014 1080 1036 loc.
1100 1015 1153 1042 cit).
1172 1014 1203 1036 De
1222 1014 1320 1044 stillam-e
1338 1021 1382 1037 non
1401 1016 1497 1038 01117ιὶ110
1514 1018 1627 1039 essentiali
1640 1018 1661 1039 S.
1674 1018 1760 1040 Bonav.
1773 1021 1852 1041 tractat
1862 1020 1883 1041 in

1039 1053 1105 1075 solut.
1123 1053 1151 1075 ad
1171 1053 1191 1075 4.
1210 1054 1231 1081 6,
1250 1054 1289 1075 ubi
1307 1054 1397 1077 disserit
1416 1055 1443 1077 de
1461 1054 1557 1084 (liliam-e
1569 1059 1662 1084 accepto
1681 1057 1843 1087 notionaliter,
1863 1062 1884 1081 et

1039 1094 1175 1113 connotante
1192 1093 1278 1120 aliquid
1296 1094 1423 1122 essentiale,
1441 1100 1467 1116 ac
1484 1094 1589 1117 distincto
1602 1102 1613 1117 a
1626 1095 1726 1124 spirare,
1740 1098 1798 1119 sicut
1809 1096 1884 1120 dicere

1038 1138 1049 1152 a
1068 1137 1189 1160 yenerare.
1208 1132 1263 1153 Nam
1281 1133 1371 1154 termini
1390 1132 1483 1162 spirare
1505 1137 1527 1155 et
1551 1133 1648 1164 diliqere
1670 1135 1766 1157 eandem
1790 1137 1882 1164 quidem

1038 1176 1098 1197 rem,
1116 1169 1158 1192 sed
1175 1170 1267 1192 dix-ersa
1284 1172 1372 1193 ratione
1389 1172 1525 1199 significant.
1537 1172 1649 1194 Differunt
1659 1174 1720 1195 enim
1737 1175 1795 1197 sicut
1806 1176 1881 1203 actus,

1037 1213 1083 1236 quo
1101 1214 1198 1235 persona
1217 1209 1367 1237 producitur,
1387 1210 1461 1232 differt
1473 1217 1485 1232 a
1498 1210 1567 1233 modo
1580 1212 1648 1233 11111115
1660 1212 1824 1239 productionis.
1838 1214 1883 1235 Sed

1038 1247 1145 1268 transitus
1163 1253 1175 1268 a
1192 1253 1218 1269 re
1236 1247 1380 1270 admodum
1403 1252 1437 1271 cst
1462 1252 1540 1271 contra
1565 1250 1657 1278 regulas
1682 1251 1776 1278 logicae.
1802 1252 1884 1279 Quoad

1038 1286 1104 1307 solut.
1123 1286 1153 1308 ad
1170 1287 1190 1308 G.
1209 1287 1248 1308 cfr.
1267 1287 1288 1308 S.
1308 1287 1390 1309 Thom.
1409 1288 1451 1310 loe.
1470 1289 1506 1311 cit,
1525 1289 1554 1311 ad
1568 1290 1588 1311 2.

1101 1326 1131 1347 111.
1150 1326 1190 1348 Alii
1208 1329 1313 1348 auctores
1331 1328 1388 1349 hanc
1405 1329 1563 1356 quaestionem
1581 1330 1648 1351 simul
1667 1334 1761 1352 tractant
1779 1337 1831 1352 cum
1849 1337 1883 1353 se-

1037 1365 1122 1392 quenti.
1140 1365 1201 1386 Alex.
1220 1365 1276 1393 11al.,
1295 1366 1323 1387 dc
1341 1366 1383 1388 hae
1395 1369 1416 1388 et
1434 1373 1482 1395 seq.
1495 1374 1516 1396 q.
1536 1368 1557 1389 S.
1570 1374 1592 1395 p.
1611 1369 1624 1390 l.
1643 1375 1664 1397 q.
1678 1368 1714 1390 67.
1733 1375 1762 1391 m.
1786 1369 1806 1391 3.
1824 1376 1844 1391 a.
1861 1370 1881 1392 3.

1036 1415 1068 1419 --
1080 1403 1147 1431 Soet„
1165 1402 1193 1424 de
1212 1404 1253 1425 hac
1265 1406 1286 1425 et
1303 1410 1352 1432 seq.
1371 1411 1392 1433 q.
1406 1405 1442 1427 1110
1459 1407 1481 1427 01
1497 1406 1589 1433 Report.
1603 1413 1625 1434 q.
1643 1407 1730 1429 l.—S.
1744 1408 1833 1437 Thom.,
1847 1410 1883 1431 bic

1037 1448 1059 1470 q.
1079 1442 1099 1463 ll.
1117 1448 1137 1463 a.
1156 1442 1180 1469 rl;
1199 1442 1220 1463 S.
1239 1442 1253 1463 1.
1271 1449 1293 1470 q.
1312 1442 1349 1465 37.
1366 1449 1386 1465 a.
1405 1444 1425 1465 2.
1438 1444 1503 1466 -ss.
1516 1444 1609 1473 Atbert„
1622 1445 1650 1467 de
1668 1446 1710 1468 hac
1722 1449 1798 1475 etseq.
1812 1453 1834 1475 q.
1847 1448 1883 1470 hie

1037 1487 1056 1502 a.
1074 1481 1090 1502 1.
1110 1482 1134 1508 23
1153 1481 1174 1503 S.
1188 1487 1210 1508 p.
1227 1481 1241 1503 1.
1255 1484 1281 1503 tr.
1297 1482 1330 1504 12.
1340 1489 1361 1511 q.
1380 1482 1416 1504 50.
1430 1489 1459 1505 m.
1478 1484 1494 1505 1.
1507 1490 1529 1512 q.
1543 1484 1562 1505 3.
1576 1485 1743 1508 incid—petr.
1756 1492 1767 1507 a
1781 1486 1841 1514 Tan,
1854 1487 1883 1509 de

1037 1521 1079 1542 11110
1095 1524 1118 1542 et
1134 1527 1182 1549 seq.
1201 1527 1222 1549 q.
1241 1522 1277 1543 hic
1290 1528 1311 1549 q.
1329 1522 1496 1544 l.-—Richard.
1509 1529 1521 1545 a
1534 1523 1599 1551 Med,
1619 1524 1646 1546 tle
1663 1525 1705 1546 hac
1717 1528 1736 1546 et
1750 1531 1798 1554 seq.
1811 1532 1833 1554 q.
1847 1527 1883 1547 hic

1037 1566 1056 1581 a.
1079 1560 1096 1580 1.
1114 1560 1134 1581 2.
1152 1571 1184 1575 -
1201 1560 1274 1587 :Egict
1293 1560 1326 1587 R.,
1345 1560 1373 1582 de
1391 1562 1433 1583 bac
1450 1563 1472 1583 et
1488 1568 1535 1590 seq.
1555 1568 1576 1590 q.
1595 1563 1631 1584 hie
1653 1563 1669 1585 1.
1688 1564 1759 1590 princ.
1778 1570 1799 1592 q.
1819 1565 1839 1586 1.
1852 1576 1883 1580 -

1036 1598 1104 1620 Henr.
1123 1598 1202 1626 Gamt,
1222 1599 1249 1620 dc
1268 1600 1309 1620 ha(-
1327 1602 1348 1621 01
1366 1606 1413 1628 seq.
1431 1606 1453 1628 q.
1472 1600 1494 1621 S.
1512 1607 1531 1622 a.
1550 1601 1586 1622 (il.
1605 1607 1626 1629 q.
1645 1601 1665 1623 7.
1678 1602 1835 1631 —Durand.,
1855 1603 1883 1625 de.

1037 1637 1080 1658 hac
1096 1639 1117 1658 et
1135 1643 1183 1666 seq.
1202 1644 1223 1665 q.
1238 1638 1273 1660 hic
1291 1644 1313 1666 q.
1334 1639 1352 1659 1.
1364 1650 1396 1654 -
1407 1638 1500 1666 Dionys.
1513 1639 1603 1666 Carth,
1622 1641 1658 1662 hic
1671 1647 1692 1668 q.
1710 1641 1726 1662 1.
1738 1653 1769 1657 --
1781 1642 1833 1664 Biel.
1854 1642 1883 1664 (10

1037 1676 1079 1697 hac
1097 1678 1117 1697 et
1135 1682 1183 1704 seq.
1202 1683 1223 1704 q.
1242 1677 1278 1698 hic
1297 1683 1318 1705 q.
1332 1677 1352 1698 1l.
1371 1677 1392 1698 2.

905 1812 1068 1848 QUAESTto
1089 1812 1118 1839 lt.

154 1933 189 1961 In
210 1941 269 1970 qttu.
291 1932 460 1961 statuminis>
482 1932 526 1960 {lle
548 1932 696 1960 atilanum
717 1937 925 1965 construatur,
946 1933 974 1960 st
994 1932 1120 1960 dicium-.-
1143 1933 1233 1961 191110]-
1254 1938 1280 1962 01
1301 1934 1396 1962 Filias
1418 1935 1545 1972 (lilt'gyttnl
1565 1945 1594 1964 se
1615 1936 1730 1972 Spiritu.
1751 1941 1860 1965 sconem.

212 2077 338 2105 Secundo
353 2077 512 2113 quaeritur,
534 2076 560 2104 in
583 2084 639 2113 qua
654 2076 818 2104 habitudine
839 2079 980 2104 construa-

133 2127 180 2152 tur
201 2124 247 2152 1110
268 2123 422 2157 ablativus,
444 2131 507 2151 cum
538 2123 576 2151 sio
598 2123 716 2151 dicitur:
747 2123 826 2151 Pater
848 2125 875 2151 et
896 2122 980 2150 Filius

134 2170 254 2207 diligunt
284 2178 312 2198 se
340 2170 445 2206 Spiritu
474 2174 577 2198 sancto.
601 2170 632 2197 Et
658 2169 735 2206 quod
758 2169 785 2197 in
814 2169 980 2197 habitudine

134 2216 240 2245 formae
261 2216 388 2244 videtur:

215 2265 238 2292 1.
260 2264 309 2292 Per
330 2263 435 2297 31111110,
456 2263 522 2300 quia
544 2263 642 2291 Petrus
655 2263 663 2278 ¹
687 2263 777 2299 diligit
798 2270 894 2291 amore
915 2271 931 2290 a
950 2270 979 2291 se

134 2311 301 2347 procedente
332 2310 502 2338 formaliter:
525 2317 591 2346 ergo
622 2309 682 2346 pari
716 2309 821 2337 ratione
853 2309 932 2337 Pater
953 2312 980 2337 et

135 2357 218 2385 Filius
238 2357 357 2393 diligunt
379 2364 408 2385 se
428 2356 534 2393 Spiritu
556 2359 652 2385 sancto
673 2356 837 2384 formaliter.

213 2404 238 2431 2.
261 2403 342 2437 item,
358 2403 427 2431 1111111
442 2403 602 2431 denominat
623 2403 745 2439 aliquid,
768 2403 801 2431 ad
819 2403 893 2439 quod
909 2410 980 2431 com-

134 2452 250 2486 paratur
272 2452 302 2477 ut
324 2449 358 2477 ad
378 2449 562 2485 pritzez'pimn
582 2449 693 2482 solum,
723 2449 773 2478 nisi
801 2452 980 2485 comparetur

135 2500 166 2525 ut
197 2494 365 2532 informans
380 2513 418 2516 —
432 2504 495 2523 nam
521 2496 650 2532 quamvis
682 2504 783 2524 cursus
804 2496 839 2525 sit
860 2504 874 2524 a
907 2496 979 2530 Deo,

135 2549 189 2569 000
212 2545 303 2570 tamen
334 2541 408 2570 Deus
430 2541 531 2570 dicitur
552 2542 777 2571 currere—sed
799 2550 878 2570 amor
903 2546 944 2571 est
964 2551 980 2570 a

135 2588 214 2617 Patre
235 2592 261 2616 et
282 2588 363 2624 Filio,
385 2591 411 2617 et
432 2589 479 2617 1110
492 2588 502 2604 “-’
524 2589 656 2618 dicuntur
677 2597 786 2618 amare:
814 2598 880 2626 ergo
902 2598 981 2617 amor

136 2638 177 2663 est
198 2635 224 2663 in
247 2635 353 2663 ratione
375 2635 488 2663 formae.

215 2682 241 2710 3.
266 2682 351 2716 Item,
384 2683 456 2710 omni
486 2690 561 2711 nexu
590 2683 674 2719 aliqui
704 2686 854 2711 nectuntur
882 2683 981 2711 forma-

137 2728 218 2762 liter3
250 2729 297 2757 sed
331 2729 449 2765 Spiritus
481 2732 593 2758 sanetus
624 2733 666 2758 est
697 2738 806 2758 nexus:
839 2737 905 2765 ergo
935 2730 981 2757 ali-

203 2915 209 2929 1
228 2915 278 2937 Sola
298 2915 346 2937 Vat.
365 2916 443 2938 Pater.

202 2954 210 2968 2
229 2954 320 2976 Plurimi
338 2955 405 2977 codd.
423 2955 485 2977 ideo:
504 2955 621 2978 mendose.

1038 2077 1084 2113 qui
1115 2077 1163 2105 illo
1194 2081 1359 2113 nectuntur.
1392 2082 1418 2107 et
1450 2087 1503 2107 000
1535 2079 1587 2108 nisi
1620 2080 1699 2108 Pater
1727 2084 1753 2109 et
1782 2081 1879 2111 Filius:

1037 2131 1103 2159 ergo
1125 2126 1175 2152 etc.

1114 2171 1140 2198 [1.
1162 2171 1242 2201 Item.
1264 2171 1339 2199 00101
1354 2171 1481 2201 albedine
1503 2172 1604 2209 aliquis
1625 2176 1667 2201 est
1681 2173 1762 2201 albus
1782 2173 1881 2202 forma-

1007 2251 1008 2254 ,
1037 2216 1114 2251 liter,
1136 2214 1215 2253 ergo'
1230 2217 1306 2245 omni
1336 2226 1431 2246 amore
1453 2218 1554 2255 aliquis
1576 2222 1617 2247 est
1638 2227 1735 2248 amaus
1762 2220 1881 2248 formali-

1036 2266 1094 2297 ter;
1116 2263 1165 2291 sed
1187 2271 1240 2291 000
1263 2267 1305 2292 051
1325 2272 1422 2293 amaus
1444 2265 1597 2294 formaliter
1625 2274 1736 2300 amore,
1761 2266 1812 2295 nisi
1835 2266 1881 2294 1110

1036 2311 1117 2339 ouius
1138 2314 1180 2339 est
1201 2318 1293 2338 amor:
1317 2319 1380 2339 01101
1403 2319 1470 2348 ergo
1485 2312 1604 2349 Spiritus
1626 2316 1739 2341 sanctus
1754 2313 1788 2341 sit
1802 2321 1881 2341 amor

1038 2357 1124 2386 Patris
1145 2360 1171 2385 et
1192 2357 1266 2391 Filii,
1288 2361 1364 2394 patet
1384 2361 1435 2386 010.

1115 2403 1242 2432 ΟοΝΤΒΑι
1269 2405 1292 2431 1.
1321 2404 1408 2433 Omne
1434 2405 1508 2441 quod
1539 2405 1627 2442 diligit
1652 2406 1806 2434 formaliter
1827 2407 1881 2434 alio

1036 2459 1051 2478 a
1074 2458 1115 2484 se,
1131 2451 1215 2479 habet
1236 2451 1352 2488 diligere
1367 2452 1457 2479 50111111
1480 2460 1529 2488 per
1543 2453 1795 2489 participationem:
1816 2461 1882 2490 ergo

1037 2497 1058 2526 si
1081 2497 1160 2526 Pater
1182 2501 1208 2526 et
1230 2498 1313 2526 Filius
1329 2498 1448 2534 diligunt
1469 2499 1623 2527 formaliter
1644 2499 1697 2527 alio
1712 2508 1728 2527 a
1749 2508 1793 2534 se,
1815 2507 1881 2536 ergo

1036 2544 1156 2580 diligunt
1184 2552 1234 2580 per
1256 2545 1505 2581 participationem.
1535 2545 1587 2574 Sed
1610 2545 1661 2574 hoc
1688 2550 1729 2574 est
1757 2546 1882 2574 inconve-

1036 2590 1129 2619 niens:
1153 2598 1220 2627 ergo
1242 2594 1293 2619 etc.

1116 2638 1141 2665 ἱ).
1166 2637 1247 2671 [tem.
1269 2637 1291 2665 si
1313 2637 1414 2674 aliquis
1436 2637 1525 2674 diligit
1546 2638 1639 2674 aliquo
1654 2638 1820 2672 formaliter.
1836 2638 1884 2666 illo

1037 2684 1262 2720 circumscripto.
1286 2684 1457 2721 impossibile
1479 2688 1520 2713 051
1541 2685 1694 2722 intelligere
1716 2693 1839 2713 amorem
1855 2685 1882 2712 in

1038 2738 1070 2758 eo
1098 2730 1156 2758 sive
1181 2730 1272 2767 ipsum
1294 2739 1403 2759 amare:
1426 2739 1492 2768 ergo
1507 2732 1529 2760 51
1551 2732 1629 2760 Pater
1648 2734 1675 2759 et
1697 2731 1801 2759 Filius⁸
1824 2731 1883 2759 dili-

1100 2917 1109 2931 3
1127 2917 1181 2939 (jod.
1201 2917 1218 2939 O
1235 2917 1293 2939 benc
1316 2917 1406 2940 subiicit
1429 2917 1574 2946 formaliter,
1600 2921 1620 2939 et
1648 2917 1747 2939 subinde
1772 2917 1880 2944 permulti

1039 2956 1105 2978 codd.
1124 2962 1177 2978 cum
1195 2956 1230 2978 ed.
1253 2957 1257 2977 1
1280 2957 1386 2978 omittunt
1403 2962 1434 2979 se.

1894 2417 1924 2435 Ad
1937 2418 2011 2441 01111051>

1931 2443 1975 2459 Uim.
