2215 3404
203 671 207 675 -
221 662 259 680 122:
272 662 305 679 rto

226 682 286 703 parte.

318 657 335 675 2.
346 655 391 676 res
413 651 478 676 sunt
499 648 526 676 in
542 648 618 677 Deo.
640 647 668 675 in
683 650 820 684 quantum
836 650 953 684 possunt
967 647 1002 675 ab
1024 647 1084 684 ipso
1096 648 1190 681 exire:

346 151 401 178 622

423 229 448 256 2.
472 227 629 262 Prae-terea,
658 235 704 256 res
730 227 756 255 in
788 228 845 256 Deo
875 231 940 256 sunt
971 227 1077 256 ratione
1098 235 1190 256 exem-

343 274 496 311 plaritatis;
526 274 574 303 sed
604 274 750 311 exemplar
778 277 923 303 creaturae
952 274 977 302 in
1004 274 1061 302 Deo
1082 276 1124 302 est
1152 274 1191 302 di-

343 321 408 349 vina
439 320 574 353 essentia,
606 321 672 358 quia
693 321 767 350 Deus
789 328 818 349 se
840 320 900 358 ipso
922 320 1061 357 cognoscit
1082 323 1109 349 et
1130 328 1191 357 pro

343 368 435 396 ducit:
458 375 524 404 ergo
545 370 596 396 etc.

402 413 447 442 3.
472 414 553 447 item,
576 413 674 450 regula
695 417 752 448 est,
774 413 849 450 qnod
871 413 1010 450 quidquid
1032 414 1067 442 de
1082 414 1139 442 Deo
1153 414 1192 441 ‹li-

343 461 415 490 citur
444 461 470 489 in
502 461 636 490 relatione
662 461 698 489 ad
730 464 902 495 creaturam,
934 464 976 489 est
1007 460 1191 490 essentialiter

343 508 448 537 dictum
463 508 492 542 1;
514 507 563 537 sed
585 515 630 536 res
651 515 711 536 esse
734 507 762 536 in
790 507 847 536 Deo
875 510 916 536 est
945 507 1036 536 taliter
1065 508 1189 536 dictum:

343 560 410 590 ergo
431 557 481 582 etc.

421 600 548 629 CONTRA:
574 601 598 628 1.
620 600 700 636 Quod
716 600 821 629 ratione
832 608 977 637 personae
991 600 1111 634 videtur,
1126 600 1191 637 quia

343 695 392 723 sed
410 695 584 731 producere,
606 703 671 723 cum
693 695 728 723 sit
749 698 843 729 actus,
859 697 900 723 est
915 694 1003 731 ipsius
1018 694 1153 732 suppositi
1168 694 1189 722 ²:

343 749 409 778 ergo
432 749 576 779 personae.

422 789 447 816 Ξ).
471 788 552 823 item.
574 789 646 817 sicut
667 788 733 817 dicit
755 789 926 825 Augustinus
948 788 1021 818 libro
1048 788 1192 826 Octoginta

343 835 429 863 trium
459 835 660 871 Quaestionum
677 835 702 863 ³:
735 835 890 864 «Verbum
925 835 992 864 dicit
1019 835 1190 872 operativam

343 882 494 918 potentiam
507 893 533 910 »:
557 883 580 911 si
595 890 662 919 ergo
686 890 732 911 res
754 886 819 911 sunt
841 882 867 910 in
890 883 947 911 Deo
972 883 1078 911 ratione
1099 885 1192 919 poten-

343 929 396 958 tiae
427 929 605 966 operativae.
635 933 700 958 sunt
727 930 755 958 in
784 937 816 958 eo
851 930 957 958 ratione
990 930 1091 959 Verbi:
1125 938 1191 966 ergo

342 983 407 1004 cum
429 976 552 1004 Verbum
575 977 609 1005 sit
634 984 767 1014 persona,
790 980 854 1005 sunt
877 976 904 1005 in
925 977 982 1005 Deo
1003 977 1109 1005 ratione
1132 985 1192 1014 per-

343 1031 434 1052 sonae.

422 1069 448 1098 3.
471 1070 550 1102 item,
572 1070 743 1107 Augustinus
765 1071 799 1099 de
821 1070 936 1099 Civitate
958 1070 1006 1099 Dei
1029 1071 1190 1105 undecimo,

342 1116 464 1153 capitulo
486 1117 619 1153 vigesimo
640 1117 759 1154 quarto⁴
776 1117 860 1151 dicit,
876 1117 951 1154 quod
968 1128 982 1143 «
993 1125 1057 1146 cnm
1074 1117 1188 1146 dicitur:

342 1163 433 1197 Dixit.
456 1166 486 1191 ut
506 1163 569 1200 siut,
591 1163 756 1200 intelligitur
786 1164 879 1192 Pater:
908 1163 934 1192 in
965 1164 1051 1193 verbo
1072 1164 1191 1192 {licendi

343 1209 439 1241 Filius,
461 1210 486 1238 in
511 1210 618 1238 visione
639 1210 759 1247 Spiritus
781 1214 893 1239 sanctus
906 1221 931 1238 »2
954 1219 1020 1248 ergo
1042 1219 1107 1239 cum
1129 1211 1189 1240 eius

343 1256 377 1285 sit
395 1257 568 1293 producere,
591 1257 617 1285 in
643 1265 699 1294 quo
725 1261 803 1289 sunt,
828 1260 903 1294 patet
925 1265 1000 1294 ergo,
1023 1258 1098 1294 quod
1125 1261 1190 1286 sunt

343 1303 448 1332 ratione
469 1311 613 1340 personae.

1035 149 1287 178 SENTENTIARUM
1310 149 1368 177 LlB.
1391 149 1408 177 1.

1561 234 1775 256 CONCLUSIO.

1269 298 1323 326 Res
1337 301 1405 325 stmt
1421 297 1452 325 in
1468 297 1524 325 Deo
1539 305 1597 325 'non
1612 297 1726 325 ratione
1740 297 1879 326 essentiae
1895 306 1943 326 nec
1959 297 2073 326 rationu

1350 352 1510 380 personae,
1525 344 1578 372 sed
1591 347 1660 372 sunt
1675 344 1705 371 in
1721 344 1777 372 Deo
1793 347 1824 372 ut
1839 344 1871 373 in
1885 352 1986 373 causa.

1327 413 1501 442 nsssposnsso:
1524 413 1694 447 Dicendum,
1716 413 1791 450 quod
1815 413 1841 441 in
1861 413 1963 442 divinis
1977 417 2018 443 est
2034 421 2094 442 con-
2123 421 2203 448 Distinc,

1248 460 1372 489 siderare
1393 460 1557 495 essentiam,
1579 468 1651 496 quae
1673 462 1714 488 est
1734 460 1891 488 communis
1912 464 1944 488 nt
1968 468 2095 489 commu-

1247 507 1294 535 <nis
1315 510 1343 535 et
1363 507 1506 541 absoluta,
1527 509 1569 535 est
1583 507 1761 535 considerare
1777 506 1982 544 proprietates,
2004 510 2031 536 et
2052 511 2094 536 est

1248 554 1426 583 considerare
1455 561 1602 582 commune
1631 557 1662 581 ut
1689 553 1720 581 in
1741 553 1880 581 relatione
1907 554 1942 582 ad
1971 554 2093 591 propria.

1250 601 1372 629 Primum
1388 600 1491 629 dicitur
1506 600 1533 628 in
1548 600 1708 629 omnimoda
1722 600 1909 634 absolutione;
1925 600 2094 635 secundum,

1248 647 1353 676 scilicet
1384 647 1554 684 proprietas,
1578 647 1642 676 dicit
1675 647 1837 675 relationem
1859 647 1893 675 ad
1926 654 2092 684 personam:

1247 694 1360 723 tertium
1383 694 1449 723 dicit
1470 694 1632 722 relationem
1655 694 1690 722 ad
1712 701 1774 727 res;
1796 697 1823 722 et
1846 693 1892 722 illa
1913 694 2093 731 appropriata

1248 741 1403 778 significant
1424 741 1514 769 Deum
1530 744 1560 769 ut
1575 749 1708 773 causamn.
1720 757 1760 761 —
1770 741 1839 769 Cum
1858 748 1925 777 ergo
1940 741 2094 777 quaeritur,

1248 791 1344 817 utrum
1361 796 1406 817 res
1421 788 1475 816 sint
1490 788 1516 816 in
1532 787 1588 816 Deo
1603 787 1709 816 ratione
1724 787 1869 822 essentiae,
1885 787 1928 816 vel
1943 795 2094 824 personae;

1249 835 1408 869 dicendum,
1423 834 1498 871 quod
1514 834 1626 871 proprie
1646 834 1784 871 loquendo
1799 841 1849 863 nee
1864 833 1902 863 sic
1917 841 1968 863 neo
1983 834 2030 869 sic,
2046 834 2094 863 sed

1248 885 1314 911 sunt
1336 882 1363 910 in
1385 882 1441 910 Deo
1463 885 1494 910 ut
1516 882 1545 910 in
1568 890 1677 915 eausa,
1699 884 1726 910 et
1748 881 1787 910 sic
1808 881 1913 910 ratione
1934 881 2095 918 appropria-

1249 932 1355 963 torum,
1377 937 1449 966 quae
1471 931 1536 958 sunt
1557 928 1713 957 essentialia
1728 928 1902 957 considerata
1916 928 1944 956 in
1958 929 2093 965 personis.

1327 976 1396 1005 Cum
1425 984 1491 1013 ergo
1519 975 1664 1009 obiicitur,
1696 975 1793 1012 quod⁵
1815 975 1870 1003 sint
1898 974 1925 1003 in
1957 975 2094 1010 essentia3

1249 1024 1399 1053 dicendum
1413 1046 1419 1058 ‚
1434 1023 1508 1061 quod
1525 1023 1588 1052 illae
1603 1023 1725 1052 rationes
1739 1022 1925 1056 concludunt,
1940 1022 2015 1059 quod
2030 1026 2095 1051 sunt

1248 1070 1276 1099 in
1297 1070 1416 1099 essentia
1438 1070 1623 1099 communiter
1645 1069 1733 1103 dicta,
1756 1069 1912 1098 secundum
1934 1069 2009 1106 quod
2024 1077 2096 1098 com-

1247 1117 1397 1154 prehendit
1418 1116 1612 1154 appropriata,
1634 1124 1689 1144 non
1706 1116 1862 1145 secundum
1877 1115 1952 1153 quod
1968 1115 1995 1144 in
2010 1116 2095 1144 onmi-

1247 1164 1328 1193 moda
1351 1164 1524 1192 absolutione
1546 1163 1748 1192 consideratur.

1325 1211 1405 1248 Quod
1426 1211 1555 1239 obiicitur
1577 1210 1611 1239 ad
1637 1210 1804 1247 oppositum,
1829 1218 1883 1238 non
1899 1209 2039 1238 concludit
2060 1209 2094 1238 de

1246 1266 1365 1295 persona
1386 1258 1492 1286 ratione
1521 1257 1716 1295 propriorum,
1738 1257 1785 1285 sed
1809 1256 1914 1285 ratione
1936 1255 2096 1293 appropria-

1245 1308 1338 1334 torum
1350 1306 1367 1333 ὃ.

1089 1453 1350 1489 SCHOLION.

406 1601 464 1624 Cum
482 1604 599 1624 creaturae
621 1602 666 1624 sint
690 1602 712 1623 in
731 1601 777 1623 Deo
803 1602 889 1623 ratione
915 1601 1008 1629 triplicis
1028 1600 1188 1629 causalitalis,

343 1641 390 1663 scil.
406 1642 536 1668 efficientis,
554 1641 717 1669 exemplantis,
736 1641 843 1668 finit-mis,
857 1644 878 1663 ct
891 1646 943 1662 cum
961 1641 1061 1663 actiones
1079 1641 1121 1662 sint
1139 1646 1191 1669 step-

342 1680 473 1709 posiloritm
493 1680 542 1708 (nic
559 1687 608 1708 arg.
625 1681 641 1702 1.
655 1680 684 1702 ad
702 1681 822 1708 immisit),
840 1679 939 1702 dubium
957 1682 1031 1702 ortum
1050 1683 1094 1708 cst,
1113 1682 1191 1701 utrum

344 1725 381 1742 res
398 1725 446 1742 csse
464 1719 487 1741 ῖη
504 1719 552 1742 Deo
565 1719 736 1741 attribuendum
754 1719 782 1741 sit
799 1719 841 1746 ipsi
859 1719 944 1741 ratione
957 1718 1080 1746 essentIcte,
1099 1725 1126 1740 an
1138 1724 1191 1747 per-
1218 1707 1221 1823 Ι

343 1764 425 1786 sonae,
446 1765 473 1780 an
488 1758 622 1788 utriusque,
638 1759 660 1780 id
672 1761 706 1780 est
723 1759 810 1780 ratione
822 1759 1032 1786 appropriatorum.
1046 1758 1109 1780 lianc
1122 1764 1192 1786 ‹piae-

344 1798 451 1825 stionem,
470 1798 502 1819 sic
528 1799 636 1825 positam,
663 1804 707 1819 non
726 1798 857 1819 invenimus
880 1797 1020 1825 discussam7
1040 1798 1081 1819 nisi
1104 1804 1115 1818 :1
1135 1804 1193 1824 pau-

1249 1602 1291 1629 cis,
1310 1608 1392 1629 nempe
1411 1607 1422 1622 a
1441 1602 1522 1630 Scoto⁷
1541 1601 1687 1628 Collationes,
1706 1602 1747 1623 col.
1766 1602 1806 1630 31,
1820 1606 1841 1624 ct
1863 1602 1886 1624 ΙΙ.
1907 1602 1967 1625 Scnt.
1986 1610 2007 1632 q.
2028 1604 2053 1631 ¹3
2073 1604 2094 1626 B.

1248 1640 1345 1667 Albort„
1364 1642 1400 1662 hic
1418 1647 1437 1663 a.
1460 1641 1498 1669 li,
1516 1643 1538 1663 et
1555 1640 1628 1669 AEgid.
1646 1641 1680 1669 R„
1698 1641 1734 1663 hic
1752 1641 1772 1662 2.
1790 1641 1862 1669 princ.
1881 1648 1902 1670 q.
1922 1642 1942 1664 2.
1965 1642 2021 1664 Tota
2039 1643 2095 1665 ratio

1249 1681 1404 1708 responsionis
1421 1680 1529 1702 fundatur
1547 1680 1568 1701 in
1587 1680 1621 1702 llis
1639 1680 1731 1702 (luobus
1759 1681 1887 1709 principiis,
1912 1681 1975 1710 quod
1998 1688 2035 1704 res
2052 1683 2096 1705 sint

1248 1719 1270 1739 in
1294 1718 1340 1740 Deo
1362 1719 1389 1740 'ut
1411 1724 1496 1746 conset,
1521 1721 1543 1740 et
1564 1718 1627 1747 quod
1645 1718 1801 1747 appropriata>
1823 1719 1951 1747 significent
1976 1720 2047 1742 Deum
2071 1723 2096 1743 ut

1249 1763 1350 1780 causam.

1068 1922 1302 1955 ARTICULUS
1328 1922 1365 1955 ll.

918 2040 956 2068 Dc
979 2040 1080 2073 modo,
1102 2048 1158 2078 quo
1180 2049 1227 2068 res
1248 2039 1377 2068 eristum
1399 2040 1428 2068 z'iz
1450 2041 1517 2069 Deo.

345 2221 490 2258 ‹jluaeritur
512 2221 546 2249 de
563 2221 645 2249 modo
660 2220 824 2249 existentiae
840 2228 934 2249 rerum
952 2221 978 2248 in
994 2220 1059 2254 Deo,
1075 2223 1102 2249 et
1117 2221 1190 2249 circa

346 2268 396 2297 lioc
418 2271 594 2304 quaeruntur
617 2268 680 2296 duo.

422 2173 628 2210 Consequenter
650 2176 787 2210 quantum
809 2173 842 2201 ad
867 2173 1022 2202 secundum
1038 2173 1189 2201 articulum

424 2315 514 2343 Primo
536 2315 696 2352 quaeritur,
720 2317 816 2342 utrum
846 2314 935 2342 onmia
966 2322 1037 2350 quae.
1069 2318 1132 2342 sunt
1163 2314 1188 2341 in
1218 2176 1221 2349 ἱ

1248 2173 1316 2207 Deo,
1339 2173 1393 2201 sint
1415 2173 1442 2201 in
1464 2173 1524 2209 ipso
1546 2172 1609 2200 vita.

1326 2220 1454 2248 Secundo
1476 2219 1629 2257 quaeritur,
1645 2222 1740 2248 utrum
1757 2227 1803 2248 res
1818 2220 1912 2249 verius
1927 2221 1982 2249 sint
1997 2221 2022 2249 in
2040 2222 2095 2250 Deo

1248 2274 1332 2303 quani
1355 2266 1382 2294 in
1404 2266 1537 2295 universo
1559 2266 1617 2294 sive
1640 2266 1666 2294 in
1688 2266 1802 2303 proprio
1824 2274 1932 2303 genere.

409 2498 417 2513 ¹
435 2499 492 2521 Vide
509 2505 579 2527 supra
598 2499 619 2521 d.
633 2500 668 2521 22.
687 2499 742 2521 dub.
757 2500 781 2526 E,
800 2498 839 2521 ubi
858 2500 915 2521 inter
931 2500 1032 2527 quinquo
1051 2499 1152 2526 regulas,
1165 2505 1191 2520 ex

345 2539 423 2561 verbis
440 2539 560 2566 Augustini
578 2538 705 2567 derivatas,
724 2539 780 2560 liaeo
798 2541 906 2567 quartum
925 2541 984 2560 tenet
1001 2538 1084 2560 locum.
1101 2550 1131 2553 —
1144 2538 1192 2559 Mox

345 2585 387 2606 pro
405 2577 483 2600 taliter
499 2578 550 2599 cod.
569 2578 586 2599 T
605 2576 766 2600 essentialiter.

407 2617 417 2631 ²
434 2617 494 2639 iuxta
512 2617 567 2638 illud
584 2617 684 2638 axioma:
702 2617 802 2638 actiones
819 2620 871 2638 sunt
884 2617 1065 2644 suppositorum.

407 2656 417 2670 ³
435 2657 525 2684 Quaest.
544 2656 580 2677 63.
599 2656 714 2683 integrum
736 2658 824 2677 textum
842 2655 913 2677 babos
937 2661 1006 2683 supra
1025 2655 1046 2677 d.
1070 2655 1105 2676 27.
1128 2662 1149 2682 p.
1168 2655 1191 2676 ll.

345 2702 366 2724 q.
386 2696 406 2717 2.
424 2695 527 2717 fundam.
546 2696 567 2716 2.

408 2733 416 2748 ⁴
442 2734 517 2756 Verba
541 2734 662 2761 Augustini
689 2734 745 2755 baec
770 2737 834 2756 sunt:
860 2734 924 2756 Pater
950 2734 1036 2762 quippo
1062 2733 1192 2760 intelligitur

346 2772 427 2801 Verbi,
446 2773 485 2801 qni
503 2772 572 2794 dixit:
594 2771 653 2794 Fiat.
673 2772 740 2800 Quod
765 2775 841 2794 autem
859 2772 895 2794 illo
914 2772 1001 2794 dicente
1025 2771 1114 2801 fuctum
1141 2772 1189 2799 est,

346 2812 426 2839 procul
444 2811 514 2833 dubio
538 2817 579 2839 per
597 2810 700 2833 Verbum
719 2811 803 2832 tactum
821 2814 861 2833 est.
880 2811 901 2832 ln
924 2817 951 2832 eo
969 2817 1024 2833 vero
1051 2810 1112 2839 quod
1141 2810 1192 2833 dici-

347 2853 393 2872 tur:
415 2849 476 2872 Vidit
486 2850 556 2878 Deus,
571 2849 626 2879 quia
640 2848 725 2872 bonnm
744 2850 790 2876 est,
808 2850 862 2872 satis
874 2850 1026 2877 significatur,
1045 2850 1117 2872 Deum
1131 2850 1191 2871 nulla

347 2890 502 2911 necessitate...
524 2889 565 2911 sed
583 2889 629 2911 sola
648 2888 748 2910 bonitate
769 2888 849 2911 secisse
867 2889 929 2917 quod
953 2890 1037 2911 tactum
1055 2891 1110 2911 est...
1129 2889 1192 2917 Quae

347 2928 436 2950 bonitas
453 2928 471 2949 si
489 2928 585 2955 Spiritus
598 2930 688 2949 sanctus
706 2931 765 2950 recte
778 2928 919 2956 intelligitur,
939 2929 1045 2950 universa
1064 2928 1129 2949 nobis
1143 2928 1192 2949 Tri-

1250 2498 1307 2519 nitas
1324 2498 1344 2519 in
1363 2498 1410 2519 suis
1423 2497 1535 2525 operibus
1552 2498 1675 2519 intimatur.
1685 2497 1748 2518 -ln
1767 2497 1817 2519 cod.
1830 2497 1845 2518 F
1864 2497 1897 2520 tet
1910 2497 1927 2518 Τ
1946 2498 1967 2519 1ιι
1981 2497 2094 2526 margine)

1250 2540 1322 2558 textus
1339 2537 1371 2558 sic
1389 2537 1476 2564 incipit:
1496 2535 1573 2563 Dixit,
1598 2535 1665 2563 vaist,
1690 2535 1746 2565 fia&
1762 2542 1806 2565 pet·
1827 2535 1870 2565 fiat
1892 2534 2032 2565 irztelliqitnr
2053 2538 2094 2558 etc.

1249 2576 1298 2597 Mox
1315 2576 1388 2598 verbo
1413 2575 1544 2605 producere
1569 2575 1636 2597 codd.
1654 2575 1727 2603 PQV
1747 2575 1877 2603 praefigunt
1901 2580 1946 2597 res.
1964 2575 2019 2597 Dein
2044 2572 2096 2603 post

1249 2615 1312 2644 quod
1327 2616 1383 2638 sunt
1400 2615 1449 2637 cod.
1469 2615 1486 2637 O
1505 2621 1548 2637 non
1568 2616 1694 2642 incongrue
1712 2614 1776 2637 addit
1793 2614 1817 2637 in
1834 2614 1888 2636 Deo.

1311 2653 1321 2668 ⁵
1337 2654 1380 2676 Pro
1398 2653 1460 2683 quod
1477 2654 1541 2675 multi
1559 2653 1625 2675 codd.
1644 2654 1721 2675 minus
1737 2656 1797 2675 recte
1810 2654 1906 2681 utrzmz,
1926 2655 1947 2675 et
1965 2654 1986 2675 in
1998 2653 2042 2675 tine
2061 2659 2096 2675 rc-

1248 2694 1378 2721 sponsionis
1395 2699 1437 2720 pro
1455 2691 1620 2715 consideratur
1638 2698 1760 2720 perperam
1779 2691 1967 2715 considerantur.

1310 2731 1320 2746 ⁵
1336 2732 1358 2753 ln
1377 2732 1427 2754 cod.
1446 2731 1465 2753 V
1484 2731 1526 2759 (W
1545 2732 1566 2753 in
1584 2732 1701 2759 margme)
1725 2731 1827 2753 additur:
1851 2730 1920 2759 Quod
1939 2730 2006 2759 dicit,
2032 2730 2095 2760 quod

1245 2770 1378 2800 producere
1395 2771 1428 2793 est
1444 2771 1512 2793 actus
1528 2776 1653 2799 personae,
1675 2776 1757 2793 verum
1774 2771 1814 2797 est,
1834 2769 1964 2793 secundum
1982 2769 2045 2799 quod
2061 2771 2094 2793 est

1247 2809 1384 2839 proprium,
1404 2809 1491 2832 scilicet
1508 2810 1614 2838 respectu
1631 2814 1760 2838 personae,·
1777 2808 1818 2831 sed
1833 2808 1963 2832 seeundum
1981 2808 2044 2839 quod
2061 2810 2094 2832 est

1248 2848 1392 2876 communis,
1407 2848 1495 2871 scilicet
1510 2849 1615 2877 respectu
1628 2849 1766 2876 creaturae,
1784 2849 1817 2870 est
1829 2847 1952 2875 essentiae,
1965 2847 2022 2877 qula
2033 2847 2094 2870 [dvm

1245 2888 1281 2910 -est
1298 2886 1396 2909 essentia
1414 2887 1436 2909 ct
1451 2886 1539 2909 habens
1553 2886 1684 2910 essentiam.

2107 445 2179 469 triplex.

2108 842 2195 860 concinni

2105 987 2133 1005 ‚td
2142 992 2190 1010 argg.
2203 997 2207 1003 l

2122 1011 2136 1028 1.
2151 1012 2195 1034 part·

2104 1221 2132 1239 Ad
2142 1227 2190 1244 avgg.
2203 1230 2204 1235 1

2119 1245 2136 1262 ⁶2..
2152 1246 2204 1270 party

2201 337 2203 355 .

2200 527 2206 604 1

2200 605 2207 823 ἰ

2201 506 2204 520 1

2201 849 2204 880 1
