2215 3404
721 137 804 166 DlST.
827 137 938 166 XXXIV.
960 137 1082 166 DIVISIO
1104 138 1240 167 TEXTUS.
1797 142 1852 170 585

363 358 799 407 COMMENTARIUS
834 360 895 406 IN
928 359 1364 408 DISTINGTIONEM
1398 362 1595 410 XXXIV.

593 520 638 554 De
663 521 889 565 comparatione
915 532 1115 565 personarum
1141 521 1180 554 ad
1206 527 1356 555 naturam.

410 672 576 700 Praedictis
590 672 789 700 adiiciendum
804 676 854 706 est,
869 673 947 710 quod
960 672 1082 710 quidam
1092 673 1227 710 perversi
1239 681 1343 701 sensus
1358 671 1486 702 homines
1500 678 1551 703 etc.

838 898 961 927 DIVISIO
983 899 1003 927 Τ
1007 899 1070 927 ΕΧΤ
1075 899 1120 928 US.

184 1039 274 1075 Supra
295 1038 351 1075 egit
372 1038 499 1075 Magister
520 1038 555 1067 de
576 1025 783 1075 comparatione
798 1038 949 1076 proprieta-

106 1089 166 1114 tum
187 1085 222 1114 ad
243 1092 377 1122 personas
398 1088 425 1113 et
445 1084 610 1119 essentiam;
631 1085 676 1114 hic
698 1085 821 1114 secundo
843 1085 899 1122 agit
914 1085 948 1113 de

105 1132 311 1169 comparatione
332 1139 516 1168 personarum
537 1131 573 1160 ad
594 1132 750 1160 essentiam.
774 1132 804 1160 Et
818 1132 870 1161 hoc
885 1132 948 1160 facit
977 1143 978 1148 ¹

105 1179 133 1207 in
155 1179 207 1208 hac
229 1179 419 1212 distinctione,
441 1186 512 1215 quae
537 1178 565 1206 in
594 1182 651 1207 tres
682 1182 776 1216 partes
805 1178 949 1207 dividitur.

105 1226 133 1254 In
152 1225 255 1263 prima
275 1225 332 1262 agit
360 1225 394 1253 de
423 1225 630 1261 comparatione
658 1225 812 1254 secundum
841 1225 949 1262 praedi-

105 1273 257 1306 cationem3
284 1272 310 1300 in
332 1272 460 1300 secunda
489 1272 644 1300 secundum
673 1271 947 1309 appropriationem.

105 1319 157 1347 ibi:
181 1319 225 1347 Ex
243 1318 405 1355 praedictis
426 1321 548 1350 constat,
565 1318 643 1355 quod
656 1318 734 1346 sieut
747 1318 888 1351 essentia,
905 1318 947 1346 ita
976 1348 978 1353 ,

100 1366 230 1403 potentia
250 1368 318 1399 etc.;
340 1365 365 1393 in
382 1365 468 1392 tertia
489 1364 610 1393 annectit
631 1364 785 1401 capitulum
808 1365 842 1393 de
861 1367 948 1393 trans-

104 1412 219 1447 latione²
248 1415 280 1440 ut
307 1411 346 1440 sic
368 1414 517 1439 tractatum
549 1411 633 1439 istum
662 1411 798 1447 perducat
825 1411 860 1439 ad
887 1419 948 1440 con-

104 1459 334 1492 summationem,
355 1461 382 1486 et
404 1458 455 1486 hoc
477 1458 526 1486 ihi:
549 1458 708 1486 Praeterea
730 1458 881 1486 sciendum
896 1463 945 1492 est,

103 1506 181 1544 quod
200 1506 232 1534 in
252 1505 453 1542 assignatione
472 1507 524 1533 etc.

182 1553 289 1581 Prima
310 1560 375 1590 pars
396 1552 481 1580 hahet
502 1555 558 1580 tres
580 1555 673 1588 partes
686 1552 701 1579 ¹.
730 1552 758 1580 In
787 1552 878 1588 prima
902 1561 947 1589 po-

102 1601 143 1629 nit
173 1607 297 1629 errorem
323 1599 501 1636 quorundam
532 1599 700 1634 dicentium,
729 1607 863 1636 personas
892 1608 944 1628 non

102 1654 163 1676 esse
184 1649 328 1681 naturam⁵
350 1648 377 1675 et
398 1646 451 1674 hoc
472 1653 537 1674 cum
563 1653 614 1674 sua
642 1645 868 1681 confirmatione,
898 1647 946 1675 sci-

102 1693 166 1722 licet
186 1701 250 1722 cum
272 1693 436 1722 auctoritate
452 1692 553 1720 Hilarii.
570 1692 597 1720 ln
614 1692 736 1721 secunda
751 1692 839 1729 ipsius
854 1696 946 1722 aucto-

101 1740 209 1769 ritatis²
231 1747 329 1768 sanum
352 1739 521 1768 intellectum
543 1747 577 1768 ex
602 1739 695 1768 verbis
716 1739 810 1767 Hilarii
832 1747 946 1777 sequen-

102 1787 177 1816 tibus
197 1786 285 1821 elicit,
308 1794 357 1823 per
379 1794 451 1822 quae
472 1786 555 1814 etiam
578 1793 703 1814 errorem
718 1785 832 1814 illorum
847 1786 943 1820 elidit,

102 1833 154 1862 ihi:
176 1833 238 1861 Hoc
258 1833 381 1871 quida-m
402 1832 517 1866 dicunt,
546 1841 605 1860 non
633 1831 819 1869 intelligyentes
844 1835 894 1861 etc.
916 1832 944 1860 In

100 1879 183 1908 tertia
202 1879 343 1916 quandam
365 1879 567 1915 oppositionem
581 1878 589 1891 ³
613 1879 778 1907 incidentem
803 1879 943 1911 dissolvit,

101 1934 189 1963 quare
203 1934 258 1954 non
273 1926 406 1954 dicuutur
421 1929 478 1954 tres
492 1933 628 1962 personae
649 1925 733 1954 unius
748 1925 805 1956 Dei.
821 1925 892 1954 sicut
907 1925 945 1954 di-

101 1975 203 2001 cuntur
219 1975 275 2001 tres
288 1980 423 2009 personae
439 1972 523 2000 unius
537 1972 686 2006 essentiae,
709 1972 761 2000 ihi:
784 1972 840 2000 Hie
855 1973 944 2000 601131-

101 2020 267 2048 derandum
288 2023 341 2053 est,
364 2027 431 2047 cum
456 2019 531 2047 Deus
551 2019 590 2047 sit
611 2019 713 2048 divina
734 2019 858 2047 essentia
879 2023 930 2048 etc.

180 2067 224 2094 Ea:
242 2066 404 2103 praedietis
425 2069 547 2099 constat,
570 2066 647 2103 quod
663 2066 740 2094 sieut
754 2066 878 2094 essentia
892 2069 943 2095 etc.

100 2113 169 2142 Haec
190 2116 231 2142 est
254 2113 384 2141 secunda
412 2120 494 2150 pars,
522 2112 548 2140 in
578 2121 634 2150 qua
662 2113 790 2150 Magister
821 2113 878 2149 agit
909 2113 943 2141 de

977 1037 978 1044 ¹
1006 1037 1246 1074 appropriatione,
1267 1040 1294 1065 et
1321 1037 1404 1066 habet
1432 1037 1484 1067 ista
1512 1046 1578 1075 pars
1600 1041 1657 1067 tres
1687 1042 1790 1076 partes.
1822 1040 1849 1068 ln

1005 1084 1096 1120 prima
1117 1084 1184 1112 dicit
1205 1088 1232 1113 et
1246 1084 1382 1117 ostendit,
1403 1085 1479 1122 quod
1494 1085 1653 1113 communia
1671 1085 1851 1122 approprian-

1006 1133 1060 1158 tur.
1084 1131 1111 1158 ln
1133 1131 1256 1159 secunda
1277 1132 1413 1160 rationem
1429 1132 1522 1160 reddit
1537 1133 1783 1169 appropriationis.
1799 1133 1848 1160 ibi:

1006 1177 1041 1205 Id
1061 1186 1129 1214 erqo
1144 1178 1228 1205 sacri
1241 1177 1348 1215 eloquii
1358 1178 1519 1215 prudentia
1540 1181 1591 1207 etc.
1619 1179 1646 1206 ln
1674 1179 1770 1213 tertia,
1784 1179 1849 1216 quia

1006 1224 1058 1252 hoc
1080 1232 1181 1252 nomen
1203 1223 1391 1253 homoousion
1414 1225 1481 1253 dicit
1502 1226 1739 1262 comparationem
1760 1234 1850 1255 essen-

1006 1270 1059 1299 tiae
1080 1271 1137 1300 sive
1159 1275 1276 1300 naturae
1298 1272 1333 1300 ad
1356 1279 1501 1308 personas,
1523 1280 1607 1300 usum
1636 1272 1696 1301 61115
1722 1273 1850 1301 determi-

1005 1321 1052 1346 nat
1073 1326 1133 1347 6556
1155 1318 1322 1347 catholicum
1346 1323 1372 1347 et
1394 1318 1502 1347 veritati
1526 1319 1589 1347 fidei
1611 1327 1672 1347 esse
1687 1327 1849 1351 consonum,

1004 1365 1056 1393 ibi:
1080 1365 1134 1393 Hie
1154 1373 1213 1393 ’11011
1234 1369 1275 1393 est
1292 1365 1594 1402 praetermitten(lum,
1617 1366 1693 1403 qnod
1711 1366 1850 1403 Auyustz‘-

1003 1420 1060 1439 nus
1081 1415 1131 1440 etc.

1083 1458 1242 1486 Praeterea
1262 1458 1414 1486 sciendum
1435 1462 1492 1492 est,
1508 1458 1585 1496 quod
1600 1458 1631 1486 in
1649 1459 1849 1495 assifflicttz'one

1003 1504 1198 1532 distinctionis
1226 1508 1276 1533 etc.
1299 1505 1368 1533 Haec
1389 1507 1431 1533 est
1452 1505 1539 1533 tertia
1559 1505 1710 1542 particula,
1739 1505 1767 1533 in
1793 1514 1848 1542 qna

1002 1552 1059 1588 agit
1080 1551 1208 1588 Magister
1230 1551 1264 1580 de
1285 1552 1431 1580 nominum
1454 1552 1650 1587 translatione,
1665 1560 1737 1589 quae
1756 1556 1849 1589 posset

1003 1598 1088 1627 dividi
1111 1601 1207 1627 contra
1229 1600 1319 1626 totum
1342 1601 1490 1627 tractatum
1513 1598 1725 1635 praecedentem
1748 1599 1783 1627 de
1811 1598 1850 1627 di-

1002 1645 1074 1674 vinis
1095 1645 1263 1673 nominibus.
1286 1645 1339 1673 Sed
1361 1645 1427 1682 quia
1447 1645 1576 1682 Magister
1597 1653 1697 1682 parum
1713 1649 1762 1674 aut
1779 1646 1849 1674 nihil

1002 1693 1169 1721 determinat
1190 1692 1225 1720 de
1246 1692 1289 1721 his
1310 1692 1487 1724 nominibus,
1510 1693 1572 1721 ideo
1586 1692 1680 1730 potius
1694 1693 1848 1721 incidenter

1002 1747 1066 1768 cum
1088 1738 1271 1775 epilogatione
1292 1742 1334 1767 est
1354 1739 1476 1776 positum
1488 1738 1505 1767 ⁴.
1528 1739 1603 1768 Unde
1625 1739 1693 1767 haec
1711 1738 1849 1775 particula

1002 1785 1073 1814 duas
1094 1785 1178 1814 habet
1200 1788 1302 1821 partes.
1324 1785 1354 1813 In
1375 1785 1467 1823 prima
1481 1786 1622 1823 quandam
1639 1785 1798 1823 generalem
1814 1786 1848 1814 de

1002 1832 1161 1860 nominibus
1188 1831 1360 1860 translativis
1388 1832 1474 1860 tradit
1502 1832 1722 1861 instructionem.
1752 1833 1779 1860 In
1809 1840 1848 1861 se-

1002 1879 1094 1907 cunda
1118 1886 1185 1907 vero
1210 1878 1287 1915 ponit
1318 1879 1527 1916 praedictorum
1559 1879 1786 1916 epilogationem,
1820 1879 1846 1907 in

1001 1934 1057 1962 qua
1079 1928 1227 1953 tractatum
1260 1925 1294 1954 de
1317 1929 1491 1954 sacramento
1513 1926 1654 1954 Trinitatis
1680 1929 1706 1954 et
1732 1926 1847 1954 Unitatis

1001 1972 1061 2000 finit
1089 1972 1251 2006 ostendens,
1273 1980 1302 2001 se
1324 1973 1351 2000 in
1373 1973 1425 2001 hoc
1446 1976 1566 2001 tractatu
1590 1973 1683 2009 potius
1711 1972 1846 2001 defecisse

1000 2027 1086 2056 quam
1120 2019 1262 2048 suffecisse
1294 2023 1408 2056 propter
1438 2020 1570 2048 materiae
1598 2020 1791 2054 altitudinem,
1819 2023 1846 2048 et

1002 2066 1052 2094 hoc.
1074 2066 1137 2095 facit
1159 2066 1211 2094 ibi:
1235 2066 1275 2094 De
1295 2070 1481 2095 sacramento
1505 2067 1631 2095 [saltatis
1646 2070 1731 2104 atque
1753 2066 1847 2094 Trini-
1869 2104 1871 2107 γ

975 2127 977 2129 -
1004 2112 1072 2141 tatis
1093 2115 1144 2141 etc.

749 2291 934 2320 TRACTATIO
957 2290 1197 2328 QUAESTIONUM.

178 2471 213 2499 Ad
232 2471 439 2507 intelligentiam
456 2471 610 2507 praesentis
626 2470 808 2499 distinctionis
824 2474 944 2507 quatuor
972 2470 974 2530 ι

99 2520 283 2555 quaeruntur.

178 2564 268 2592 Primo
289 2564 449 2601 quaeritur,
472 2568 567 2592 utrum
597 2564 624 2592 in
653 2564 754 2592 divinis
782 2564 817 2592 sit
841 2571 944 2600 ponere

98 2610 277 2639 additionem.

1081 2469 1223 2503 Secundo,
1245 2473 1340 2497 utrum
1365 2469 1391 2497 in
1413 2469 1514 2498 divinis
1536 2470 1570 2498 sit
1588 2478 1691 2507 ponere
1705 2470 1845 2507 praedica-

1001 2516 1111 2544 tionem.

1080 2563 1187 2597 Tertio.
1210 2566 1304 2591 utrum
1328 2563 1362 2591 sit
1383 2571 1485 2600 ponere
1508 2563 1543 2591 ibi
1560 2564 1823 2601 appropriationem.

1080 2610 1200 2645 Quane,
1222 2612 1318 2637 utrum
1341 2610 1376 2638 sit
1397 2610 1433 2638 ibi
1456 2618 1558 2646 ponere
1580 2610 1797 2639 translationem.

161 2823 167 2836 ¹
186 2822 257 2845 Codd.
276 2823 326 2845 lbb
343 2827 365 2845 61
381 2824 417 2845 alii
436 2829 488 2845 cum
506 2824 542 2846 ed.
573 2824 578 2845 l
603 2823 742 2853 particulas.
764 2824 814 2846 Mox
835 2830 877 2851 pro
898 2829 944 2846 sua

98 2861 288 2893 confirmatione,
308 2862 370 2890 quod
383 2869 409 2884 ex
422 2862 489 2885 codd.
507 2862 541 2884 ΙΟ
552 2863 570 2884 Τ
581 2863 601 2884 X
619 2867 641 2885 et
652 2863 688 2885 ed.
706 2864 710 2884 l
727 2864 880 2891 restituimus,
894 2863 943 2884 Vat.

97 2905 192 2923 scomma
209 2900 395 2931 confirmatione.

238 2946 262 2970 S.
280 2947 368 2969 Bomw.
385 2959 417 2963 -—
435 2947 501 2969 Tom.
520 2948 533 2968 1.

1063 2824 1071 2837 '³
1090 2823 1132 2845 Pro
1150 2822 1223 2852 ipsius
1239 2823 1389 2847 auctoritatis
1407 2824 1456 2847 cod.
1477 2824 1494 2845 T
1512 2823 1583 2847 huius
1600 2824 1754 2848 alletoritolis.

1063 2860 1073 2874 ³³
1090 2861 1139 2883 Vat.
1158 2861 1323 2890 quaestionem.

1064 2900 1072 2913 ⁴
1090 2900 1140 2922 Vnt.
1156 2899 1241 2928 posita.

1672 2950 1701 2971 74
