<?xml version="1.0" encoding="UTF-8"?>
<!DOCTYPE html PUBLIC "-//W3C//DTD XHTML 1.0 Transitional//EN"
    "http://www.w3.org/TR/xhtml1/DTD/xhtml1-transitional.dtd">
<html xmlns="http://www.w3.org/1999/xhtml" xml:lang="en" lang="en">
 <head>
  <title>
</title>
<meta http-equiv="Content-Type" content="text/html;charset=utf-8" />
  <meta name='ocr-system' content='tesseract 3.04.00' />
  <meta name='ocr-capabilities' content='ocr_page ocr_carea ocr_par ocr_line ocrx_word'/>
</head>
<body>
  <div class='ocr_page' id='page_1' title='image "./doctorisseraphic12bona/doctorisseraphic12bona_0211.png"; bbox 0 0 2215 3404; ppageno 0'>
   <div class='ocr_carea' id='block_1_1' title="bbox 0 389 109 425">
    <p class='ocr_par' dir='ltr' id='par_1_1' title="bbox 0 389 109 425">
     <span class='ocr_line' id='line_1_1' title="bbox 0 389 109 425; baseline -0.018 -2"><span class='ocrx_word' id='word_1_1' title='bbox 0 389 2 423; x_wconf 63' lang='lat' dir='ltr'><em>l</em></span> <span class='ocrx_word' id='word_1_2' title='bbox 9 402 109 425; x_wconf 73' lang='lat' dir='ltr'><em>Conclusio.</em></span> 
     </span>
    </p>
   </div>
   <div class='ocr_carea' id='block_1_2' title="bbox 0 684 111 734">
    <p class='ocr_par' dir='ltr' id='par_1_2' title="bbox 0 684 111 734">
     <span class='ocr_line' id='line_1_2' title="bbox 1 684 111 711; baseline -0.018 -7"><span class='ocrx_word' id='word_1_3' title='bbox 1 684 67 711; x_wconf 62' lang='lat' dir='ltr'><em>Salutio</em></span> <span class='ocrx_word' id='word_1_4' title='bbox 79 688 111 706; x_wconf 82' lang='lat' dir='ltr'><em>op-</em></span> 
     </span>
     <span class='ocr_line' id='line_1_3' title="bbox 0 709 109 734; baseline -0.028 -7"><span class='ocrx_word' id='word_1_5' title='bbox 0 709 109 734; x_wconf 53' lang='lat' dir='ltr'><em>{pnsum-um.</em></span> 
     </span>
    </p>
   </div>
   <div class='ocr_carea' id='block_1_3' title="bbox 8 1099 110 1124">
    <p class='ocr_par' dir='ltr' id='par_1_3' title="bbox 8 1099 110 1124">
     <span class='ocr_line' id='line_1_4' title="bbox 8 1099 110 1124; baseline -0.02 0"><span class='ocrx_word' id='word_1_6' title='bbox 8 1099 110 1124; x_wconf 70' lang='lat' dir='ltr'><em>Distinetio.</em></span> 
     </span>
    </p>
   </div>
   <div class='ocr_carea' id='block_1_4' title="bbox 713 130 1274 166">
    <p class='ocr_par' dir='ltr' id='par_1_4' title="bbox 713 130 1274 166">
     <span class='ocr_line' id='line_1_5' title="bbox 713 130 1274 166; baseline 0 -8"><span class='ocrx_word' id='word_1_7' title='bbox 713 131 795 158; x_wconf 87' lang='lat' dir='ltr'><strong>DlST.</strong></span> <span class='ocrx_word' id='word_1_8' title='bbox 819 130 930 159; x_wconf 83' lang='lat' dir='ltr'><strong>XXXVI.</strong></span> <span class='ocrx_word' id='word_1_9' title='bbox 953 130 1026 158; x_wconf 74' lang='lat' dir='ltr'><strong>ART.</strong></span> <span class='ocrx_word' id='word_1_10' title='bbox 1047 130 1064 158; x_wconf 89' lang='grc' dir='ltr'><em>Ι.</em></span> <span class='ocrx_word' id='word_1_11' title='bbox 1088 130 1222 166; x_wconf 75' lang='lat' dir='ltr'><strong>QUAEST.</strong></span> <span class='ocrx_word' id='word_1_12' title='bbox 1246 131 1274 159; x_wconf 85' lang='lat' dir='ltr'><em>ll.</em></span> 
     </span>
    </p>
   </div>
   <div class='ocr_carea' id='block_1_5' title="bbox 122 207 969 1133">
    <p class='ocr_par' dir='ltr' id='par_1_5' title="bbox 122 207 966 611">
     <span class='ocr_line' id='line_1_6' title="bbox 122 207 963 244; baseline -0.004 -6"><span class='ocrx_word' id='word_1_13' title='bbox 122 209 315 242; x_wconf 68' lang='lat' dir='ltr'><em>ewistentiam,</em></span> <span class='ocrx_word' id='word_1_14' title='bbox 327 209 369 237; x_wconf 86' lang='lat' dir='ltr'><em>vel</em></span> <span class='ocrx_word' id='word_1_15' title='bbox 381 208 536 237; x_wconf 83' lang='lat' dir='ltr'><em>secundum</em></span> <span class='ocrx_word' id='word_1_16' title='bbox 544 207 748 236; x_wconf 73' lang='lat' dir='ltr'><em>similitudinis</em></span> <span class='ocrx_word' id='word_1_17' title='bbox 753 207 963 244; x_wconf 80' lang='lat' dir='ltr'><em>praesentiam,</em></span> 
     </span>
     <span class='ocr_line' id='line_1_7' title="bbox 124 254 964 291; baseline -0.004 -6"><span class='ocrx_word' id='word_1_18' title='bbox 124 256 167 285; x_wconf 85' lang='lat' dir='ltr'><em>vel</em></span> <span class='ocrx_word' id='word_1_19' title='bbox 189 256 343 285; x_wconf 84' lang='lat' dir='ltr'><em>secundum</em></span> <span class='ocrx_word' id='word_1_20' title='bbox 373 255 559 283; x_wconf 73' lang='lat' dir='ltr'><em>causativum</em></span> <span class='ocrx_word' id='word_1_21' title='bbox 577 254 746 291; x_wconf 79' lang='lat' dir='ltr'><em>potentiam.</em></span> <span class='ocrx_word' id='word_1_22' title='bbox 769 254 859 282; x_wconf 87' lang='lat' dir='ltr'><em>Primo</em></span> <span class='ocrx_word' id='word_1_23' title='bbox 881 254 964 282; x_wconf 87' lang='lat' dir='ltr'><em>modo</em></span> 
     </span>
     <span class='ocr_line' id='line_1_8' title="bbox 123 300 965 338; baseline -0.004 -6"><span class='ocrx_word' id='word_1_24' title='bbox 123 306 188 332; x_wconf 91' lang='lat' dir='ltr'><em>sunt</em></span> <span class='ocrx_word' id='word_1_25' title='bbox 202 311 247 332; x_wconf 89' lang='lat' dir='ltr'><em>res</em></span> <span class='ocrx_word' id='word_1_26' title='bbox 263 303 288 331; x_wconf 92' lang='lat' dir='ltr'><em>in</em></span> <span class='ocrx_word' id='word_1_27' title='bbox 310 302 451 336; x_wconf 87' lang='lat' dir='ltr'><em>universo,</em></span> <span class='ocrx_word' id='word_1_28' title='bbox 466 302 589 330; x_wconf 83' lang='lat' dir='ltr'><em>secundo</em></span> <span class='ocrx_word' id='word_1_29' title='bbox 603 301 686 330; x_wconf 91' lang='lat' dir='ltr'><em>modo</em></span> <span class='ocrx_word' id='word_1_30' title='bbox 702 301 729 329; x_wconf 95' lang='lat' dir='ltr'><em>in</em></span> <span class='ocrx_word' id='word_1_31' title='bbox 749 301 886 338; x_wconf 59' lang='lat' dir='ltr'><em>cognitiva,</em></span> <span class='ocrx_word' id='word_1_32' title='bbox 901 300 965 329; x_wconf 80' lang='lat' dir='ltr'><em>sub-</em></span> 
     </span>
     <span class='ocr_line' id='line_1_9' title="bbox 123 347 966 380; baseline -0.005 -2"><span class='ocrx_word' id='word_1_33' title='bbox 123 349 237 380; x_wconf 83' lang='lat' dir='ltr'><em>stantia.</em></span> <span class='ocrx_word' id='word_1_34' title='bbox 259 349 340 378; x_wconf 90' lang='lat' dir='ltr'><em>tertio</em></span> <span class='ocrx_word' id='word_1_35' title='bbox 362 349 444 377; x_wconf 88' lang='lat' dir='ltr'><em>modo</em></span> <span class='ocrx_word' id='word_1_36' title='bbox 465 348 493 376; x_wconf 90' lang='lat' dir='ltr'><em>in</em></span> <span class='ocrx_word' id='word_1_37' title='bbox 515 356 566 377; x_wconf 83' lang='lat' dir='ltr'><em>sua</em></span> <span class='ocrx_word' id='word_1_38' title='bbox 586 356 678 377; x_wconf 78' lang='lat' dir='ltr'><em>causa.</em></span> <span class='ocrx_word' id='word_1_39' title='bbox 703 348 748 376; x_wconf 85' lang='lat' dir='ltr'><em>His</em></span> <span class='ocrx_word' id='word_1_40' title='bbox 770 347 881 376; x_wconf 86' lang='lat' dir='ltr'><em>duobus</em></span> <span class='ocrx_word' id='word_1_41' title='bbox 910 355 966 375; x_wconf 89' lang='lat' dir='ltr'><em>mo-</em></span> 
     </span>
     <span class='ocr_line' id='line_1_10' title="bbox 123 394 964 431; baseline -0.004 -7"><span class='ocrx_word' id='word_1_42' title='bbox 123 396 166 425; x_wconf 87' lang='lat' dir='ltr'><em>dis</em></span> <span class='ocrx_word' id='word_1_43' title='bbox 187 395 292 424; x_wconf 81' lang='lat' dir='ltr'><em>ultimis</em></span> <span class='ocrx_word' id='word_1_44' title='bbox 314 403 359 424; x_wconf 85' lang='lat' dir='ltr'><em>res</em></span> <span class='ocrx_word' id='word_1_45' title='bbox 379 398 444 423; x_wconf 87' lang='lat' dir='ltr'><em>sunt</em></span> <span class='ocrx_word' id='word_1_46' title='bbox 476 395 502 422; x_wconf 92' lang='lat' dir='ltr'><em>in</em></span> <span class='ocrx_word' id='word_1_47' title='bbox 531 394 603 428; x_wconf 82' lang='lat' dir='ltr'><em>Deo⁷</em></span> <span class='ocrx_word' id='word_1_48' title='bbox 635 394 701 431; x_wconf 80' lang='lat' dir='ltr'><em>quia</em></span> <span class='ocrx_word' id='word_1_49' title='bbox 732 397 774 423; x_wconf 87' lang='lat' dir='ltr'><em>est</em></span> <span class='ocrx_word' id='word_1_50' title='bbox 796 400 964 430; x_wconf 81' lang='lat' dir='ltr'><em>cognoscens</em></span> 
     </span>
     <span class='ocr_line' id='line_1_11' title="bbox 124 439 966 479; baseline -0.006 -8"><span class='ocrx_word' id='word_1_51' title='bbox 124 450 183 477; x_wconf 84' lang='lat' dir='ltr'><em>res,</em></span> <span class='ocrx_word' id='word_1_52' title='bbox 205 445 354 479; x_wconf 80' lang='lat' dir='ltr'>antequam</span> <span class='ocrx_word' id='word_1_53' title='bbox 375 441 457 477; x_wconf 79' lang='lat' dir='ltr'><em>fiant,</em></span> <span class='ocrx_word' id='word_1_54' title='bbox 474 445 501 469; x_wconf 82' lang='lat' dir='ltr'><em>et</em></span> <span class='ocrx_word' id='word_1_55' title='bbox 515 444 612 478; x_wconf 87' lang='lat' dir='ltr'><em>potens</em></span> <span class='ocrx_word' id='word_1_56' title='bbox 627 441 792 478; x_wconf 78' lang='lat' dir='ltr'><em>producere.</em></span> <span class='ocrx_word' id='word_1_57' title='bbox 809 440 885 469; x_wconf 90' lang='lat' dir='ltr'><em>Unde</em></span> <span class='ocrx_word' id='word_1_58' title='bbox 900 439 966 476; x_wconf 85' lang='lat' dir='ltr'><em>quia</em></span> 
     </span>
     <span class='ocr_line' id='line_1_12' title="bbox 122 485 964 525; baseline -0.004 -8"><span class='ocrx_word' id='word_1_59' title='bbox 122 489 158 517; x_wconf 83' lang='lat' dir='ltr'><em>ab</em></span> <span class='ocrx_word' id='word_1_60' title='bbox 178 492 291 517; x_wconf 82' lang='lat' dir='ltr'><em>aeterno</em></span> <span class='ocrx_word' id='word_1_61' title='bbox 312 488 460 525; x_wconf 65' lang='lat' dir='ltr'><em>cognovit,</em></span> <span class='ocrx_word' id='word_1_62' title='bbox 483 490 510 516; x_wconf 88' lang='lat' dir='ltr'><em>et</em></span> <span class='ocrx_word' id='word_1_63' title='bbox 528 487 672 524; x_wconf 77' lang='lat' dir='ltr'><em>potentia,</em></span> <span class='ocrx_word' id='word_1_64' title='bbox 694 495 749 524; x_wconf 78' lang='lat' dir='ltr'><em>qua</em></span> <span class='ocrx_word' id='word_1_65' title='bbox 773 485 907 523; x_wconf 91' lang='lat' dir='ltr'><em>produxit</em></span> <span class='ocrx_word' id='word_1_66' title='bbox 929 493 964 514; x_wconf 88' lang='lat' dir='ltr'><em>ex</em></span> 
     </span>
     <span class='ocr_line' id='line_1_13' title="bbox 123 533 966 572; baseline -0.005 -8"><span class='ocrx_word' id='word_1_67' title='bbox 123 539 259 572; x_wconf 83' lang='lat' dir='ltr'><em>tempore,</em></span> <span class='ocrx_word' id='word_1_68' title='bbox 281 534 308 562; x_wconf 93' lang='lat' dir='ltr'><em>in</em></span> <span class='ocrx_word' id='word_1_69' title='bbox 330 534 387 563; x_wconf 91' lang='lat' dir='ltr'><em>Deo</em></span> <span class='ocrx_word' id='word_1_70' title='bbox 407 534 459 562; x_wconf 82' lang='lat' dir='ltr'><em>fuit</em></span> <span class='ocrx_word' id='word_1_71' title='bbox 479 534 515 562; x_wconf 83' lang='lat' dir='ltr'><em>ab</em></span> <span class='ocrx_word' id='word_1_72' title='bbox 535 537 660 567; x_wconf 77' lang='lat' dir='ltr'><em>aeterno,</em></span> <span class='ocrx_word' id='word_1_73' title='bbox 682 533 744 562; x_wconf 87' lang='lat' dir='ltr'><em>ideo</em></span> <span class='ocrx_word' id='word_1_74' title='bbox 765 533 898 561; x_wconf 76' lang='lat' dir='ltr'><em>dicuntur</em></span> <span class='ocrx_word' id='word_1_75' title='bbox 920 540 966 561; x_wconf 83' lang='lat' dir='ltr'><em>res</em></span> 
     </span>
     <span class='ocr_line' id='line_1_14' title="bbox 122 581 532 611; baseline -0.007 0"><span class='ocrx_word' id='word_1_76' title='bbox 122 582 207 611; x_wconf 84' lang='lat' dir='ltr'><em>fuisse</em></span> <span class='ocrx_word' id='word_1_77' title='bbox 228 581 256 610; x_wconf 91' lang='lat' dir='ltr'><em>in</em></span> <span class='ocrx_word' id='word_1_78' title='bbox 278 581 334 610; x_wconf 90' lang='lat' dir='ltr'><em>Deo</em></span> <span class='ocrx_word' id='word_1_79' title='bbox 355 581 390 609; x_wconf 81' lang='lat' dir='ltr'><em>ab</em></span> <span class='ocrx_word' id='word_1_80' title='bbox 411 583 532 609; x_wconf 79' lang='lat' dir='ltr'><em>aeterno.</em></span> 
     </span>
    </p>

    <p class='ocr_par' dir='ltr' id='par_1_6' title="bbox 122 626 967 851">
     <span class='ocr_line' id='line_1_15' title="bbox 204 626 965 664; baseline -0.004 -7"><span class='ocrx_word' id='word_1_81' title='bbox 204 630 227 657; x_wconf 91' lang='lat' dir='ltr'><em>l.</em></span> <span class='ocrx_word' id='word_1_82' title='bbox 250 628 288 657; x_wconf 74' lang='lat' dir='ltr'><em>Ad</em></span> <span class='ocrx_word' id='word_1_83' title='bbox 309 628 379 656; x_wconf 89' lang='lat' dir='ltr'><em>illud</em></span> <span class='ocrx_word' id='word_1_84' title='bbox 400 627 475 664; x_wconf 82' lang='lat' dir='ltr'><em>quod</em></span> <span class='ocrx_word' id='word_1_85' title='bbox 497 627 638 656; x_wconf 85' lang='lat' dir='ltr'><em>obiicitur:</em></span> <span class='ocrx_word' id='word_1_86' title='bbox 655 626 728 664; x_wconf 82' lang='lat' dir='ltr'><em>quod</em></span> <span class='ocrx_word' id='word_1_87' title='bbox 745 626 832 654; x_wconf 92' lang='lat' dir='ltr'><em>nihil¹</em></span> <span class='ocrx_word' id='word_1_88' title='bbox 849 629 890 655; x_wconf 88' lang='lat' dir='ltr'><em>est</em></span> <span class='ocrx_word' id='word_1_89' title='bbox 911 633 965 654; x_wconf 91' lang='lat' dir='ltr'><em>non</em></span> 
     </span>
     <span class='ocr_line' id='line_1_16' title="bbox 122 672 966 711; baseline -0.004 -8"><span class='ocrx_word' id='word_1_90' title='bbox 122 677 168 704; x_wconf 82' lang='lat' dir='ltr'><em>est.</em></span> <span class='ocrx_word' id='word_1_91' title='bbox 184 675 211 703; x_wconf 92' lang='lat' dir='ltr'><em>in</em></span> <span class='ocrx_word' id='word_1_92' title='bbox 233 674 341 711; x_wconf 66' lang='lat' dir='ltr'><em>aliqum</em></span> <span class='ocrx_word' id='word_1_93' title='bbox 364 674 527 705; x_wconf 74' lang='lat' dir='ltr'><em>dicendum,</em></span> <span class='ocrx_word' id='word_1_94' title='bbox 542 673 617 710; x_wconf 90' lang='lat' dir='ltr'><em>quod</em></span> <span class='ocrx_word' id='word_1_95' title='bbox 633 681 731 702; x_wconf 87' lang='lat' dir='ltr'><em>verum</em></span> <span class='ocrx_word' id='word_1_96' title='bbox 747 677 788 701; x_wconf 88' lang='lat' dir='ltr'><em>est</em></span> <span class='ocrx_word' id='word_1_97' title='bbox 810 672 966 701; x_wconf 81' lang='lat' dir='ltr'><em>seeundum</em></span> 
     </span>
     <span class='ocr_line' id='line_1_17' title="bbox 122 719 966 759; baseline -0.004 -9"><span class='ocrx_word' id='word_1_98' title='bbox 122 721 246 759; x_wconf 89' lang='lat' dir='ltr'><em>primum</em></span> <span class='ocrx_word' id='word_1_99' title='bbox 278 721 393 749; x_wconf 89' lang='lat' dir='ltr'><em>modum</em></span> <span class='ocrx_word' id='word_1_100' title='bbox 421 720 575 754; x_wconf 77' lang='lat' dir='ltr'><em>existendi,</em></span> <span class='ocrx_word' id='word_1_101' title='bbox 604 720 653 749; x_wconf 85' lang='lat' dir='ltr'><em>sed</em></span> <span class='ocrx_word' id='word_1_102' title='bbox 684 719 786 748; x_wconf 79' lang='lat' dir='ltr'><em>falsum</em></span> <span class='ocrx_word' id='word_1_103' title='bbox 810 719 966 748; x_wconf 82' lang='lat' dir='ltr'><em>seeundum</em></span> 
     </span>
     <span class='ocr_line' id='line_1_18' title="bbox 125 767 967 804; baseline -0.005 -6"><span class='ocrx_word' id='word_1_104' title='bbox 125 769 281 798; x_wconf 82' lang='lat' dir='ltr'><em>secundum</em></span> <span class='ocrx_word' id='word_1_105' title='bbox 312 771 339 797; x_wconf 90' lang='lat' dir='ltr'><em>et</em></span> <span class='ocrx_word' id='word_1_106' title='bbox 370 768 524 796; x_wconf 78' lang='lat' dir='ltr'><em>secundum</em></span> <span class='ocrx_word' id='word_1_107' title='bbox 557 768 680 801; x_wconf 83' lang='lat' dir='ltr'><em>tertium,</em></span> <span class='ocrx_word' id='word_1_108' title='bbox 702 767 768 804; x_wconf 81' lang='lat' dir='ltr'><em>quia</em></span> <span class='ocrx_word' id='word_1_109' title='bbox 800 767 869 795; x_wconf 86' lang='lat' dir='ltr'><em>illud</em></span> <span class='ocrx_word' id='word_1_110' title='bbox 891 767 967 803; x_wconf 88' lang='lat' dir='ltr'><em>quod</em></span> 
     </span>
     <span class='ocr_line' id='line_1_19' title="bbox 124 814 701 851; baseline -0.003 -7"><span class='ocrx_word' id='word_1_111' title='bbox 124 816 193 844; x_wconf 91' lang='lat' dir='ltr'><em>nihil</em></span> <span class='ocrx_word' id='word_1_112' title='bbox 215 819 256 844; x_wconf 83' lang='grc' dir='ltr'><em>θεῖ</em></span> <span class='ocrx_word' id='word_1_113' title='bbox 277 815 375 847; x_wconf 79' lang='lat' dir='ltr'><em>modo,</em></span> <span class='ocrx_word' id='word_1_114' title='bbox 396 815 470 843; x_wconf 90' lang='lat' dir='ltr'><em>Deus</em></span> <span class='ocrx_word' id='word_1_115' title='bbox 491 817 581 851; x_wconf 84' lang='lat' dir='ltr'><em>potest</em></span> <span class='ocrx_word' id='word_1_116' title='bbox 602 814 701 843; x_wconf 80' lang='lat' dir='ltr'><em>facere.</em></span> 
     </span>
    </p>

    <p class='ocr_par' dir='ltr' id='par_1_7' title="bbox 125 860 969 1133">
     <span class='ocr_line' id='line_1_20' title="bbox 204 860 967 898; baseline -0.001 -8"><span class='ocrx_word' id='word_1_117' title='bbox 204 863 230 890; x_wconf 65' lang='grc' dir='ltr'><em>Ξ.</em></span> <span class='ocrx_word' id='word_1_118' title='bbox 251 862 289 890; x_wconf 81' lang='lat' dir='ltr'><em>Ad</em></span> <span class='ocrx_word' id='word_1_119' title='bbox 311 861 380 890; x_wconf 85' lang='lat' dir='ltr'><em>illud</em></span> <span class='ocrx_word' id='word_1_120' title='bbox 412 861 487 898; x_wconf 88' lang='lat' dir='ltr'><em>quod</em></span> <span class='ocrx_word' id='word_1_121' title='bbox 514 860 659 895; x_wconf 81' lang='lat' dir='ltr'><em>obiicitur,</em></span> <span class='ocrx_word' id='word_1_122' title='bbox 688 861 762 898; x_wconf 85' lang='lat' dir='ltr'><em>quod</em></span> <span class='ocrx_word' id='word_1_123' title='bbox 795 861 864 889; x_wconf 87' lang='lat' dir='ltr'><em>illud</em></span> <span class='ocrx_word' id='word_1_124' title='bbox 893 861 967 897; x_wconf 83' lang='lat' dir='ltr'><em>quod</em></span> 
     </span>
     <span class='ocr_line' id='line_1_21' title="bbox 126 908 969 945; baseline -0.004 -7"><span class='ocrx_word' id='word_1_125' title='bbox 126 913 167 939; x_wconf 83' lang='lat' dir='ltr'><em>est</em></span> <span class='ocrx_word' id='word_1_126' title='bbox 188 909 215 937; x_wconf 94' lang='lat' dir='ltr'><em>in</em></span> <span class='ocrx_word' id='word_1_127' title='bbox 236 909 330 945; x_wconf 83' lang='lat' dir='ltr'><em>aliquo</em></span> <span class='ocrx_word' id='word_1_128' title='bbox 339 908 358 943; x_wconf 69' lang='lat'><em>2,</em></span> <span class='ocrx_word' id='word_1_129' title='bbox 382 911 423 937; x_wconf 87' lang='lat' dir='ltr'><em>est</em></span> <span class='ocrx_word' id='word_1_130' title='bbox 444 908 471 936; x_wconf 89' lang='lat' dir='ltr'><em>in</em></span> <span class='ocrx_word' id='word_1_131' title='bbox 494 908 541 936; x_wconf 92' lang='lat' dir='ltr'><em>illo</em></span> <span class='ocrx_word' id='word_1_132' title='bbox 563 908 718 936; x_wconf 79' lang='lat' dir='ltr'><em>seeundum</em></span> <span class='ocrx_word' id='word_1_133' title='bbox 740 916 769 936; x_wconf 88' lang='lat' dir='ltr'><em>se</em></span> <span class='ocrx_word' id='word_1_134' title='bbox 790 911 858 942; x_wconf 61' lang='lat' dir='ltr'><em>ete,</em></span> <span class='ocrx_word' id='word_1_135' title='bbox 880 908 969 936; x_wconf 75' lang='lat' dir='ltr'><em>dieen-</em></span> 
     </span>
     <span class='ocr_line' id='line_1_22' title="bbox 126 955 969 993; baseline -0.001 -9"><span class='ocrx_word' id='word_1_136' title='bbox 126 956 203 990; x_wconf 87' lang='lat' dir='ltr'><em>dum,</em></span> <span class='ocrx_word' id='word_1_137' title='bbox 225 956 299 993; x_wconf 87' lang='lat' dir='ltr'><em>quod</em></span> <span class='ocrx_word' id='word_1_138' title='bbox 322 958 458 992; x_wconf 77' lang='lat' dir='ltr'><em>quantum</em></span> <span class='ocrx_word' id='word_1_139' title='bbox 481 955 515 983; x_wconf 81' lang='lat' dir='ltr'><em>ad</em></span> <span class='ocrx_word' id='word_1_140' title='bbox 530 955 691 983; x_wconf 74' lang='lat' dir='ltr'><em>seeundum</em></span> <span class='ocrx_word' id='word_1_141' title='bbox 706 955 822 983; x_wconf 87' lang='lat' dir='ltr'><em>modum</em></span> <span class='ocrx_word' id='word_1_142' title='bbox 844 963 889 983; x_wconf 79' lang='lat' dir='ltr'><em>res</em></span> <span class='ocrx_word' id='word_1_143' title='bbox 904 958 969 983; x_wconf 80' lang='lat' dir='ltr'><em>sunt</em></span> 
     </span>
     <span class='ocr_line' id='line_1_23' title="bbox 126 1001 966 1039; baseline -0.001 -8"><span class='ocrx_word' id='word_1_144' title='bbox 126 1003 153 1031; x_wconf 95' lang='lat' dir='ltr'><em>in</em></span> <span class='ocrx_word' id='word_1_145' title='bbox 185 1003 241 1031; x_wconf 93' lang='lat' dir='ltr'><em>Deo</em></span> <span class='ocrx_word' id='word_1_146' title='bbox 277 1002 431 1031; x_wconf 83' lang='lat' dir='ltr'><em>secundum</em></span> <span class='ocrx_word' id='word_1_147' title='bbox 464 1001 579 1039; x_wconf 74' lang='lat' dir='ltr'><em>aliquid</em></span> <span class='ocrx_word' id='word_1_148' title='bbox 611 1001 676 1035; x_wconf 73' lang='lat' dir='ltr'><em>sui,</em></span> <span class='ocrx_word' id='word_1_149' title='bbox 712 1002 777 1038; x_wconf 85' lang='lat' dir='ltr'><em>quia</em></span> <span class='ocrx_word' id='word_1_150' title='bbox 812 1002 966 1030; x_wconf 81' lang='lat' dir='ltr'><em>secundum</em></span> 
     </span>
     <span class='ocr_line' id='line_1_24' title="bbox 126 1048 967 1086; baseline -0.001 -9"><span class='ocrx_word' id='word_1_151' title='bbox 126 1048 283 1086; x_wconf 70' lang='lat' dir='ltr'><em>exemplar.</em></span> <span class='ocrx_word' id='word_1_152' title='bbox 316 1049 368 1077; x_wconf 90' lang='lat' dir='ltr'><em>Sed</em></span> <span class='ocrx_word' id='word_1_153' title='bbox 400 1048 516 1086; x_wconf 77' lang='lat' dir='ltr'><em>aliquid</em></span> <span class='ocrx_word' id='word_1_154' title='bbox 545 1048 591 1076; x_wconf 81' lang='lat' dir='ltr'><em>rei</em></span> <span class='ocrx_word' id='word_1_155' title='bbox 619 1051 708 1085; x_wconf 86' lang='lat' dir='ltr'><em>potest</em></span> <span class='ocrx_word' id='word_1_156' title='bbox 730 1048 784 1077; x_wconf 80' lang='lat' dir='ltr'><em>dici</em></span> <span class='ocrx_word' id='word_1_157' title='bbox 807 1048 967 1085; x_wconf 74' lang='lat' dir='ltr'><em>tripliciter.</em></span> 
     </span>
     <span class='ocr_line' id='line_1_25' title="bbox 125 1094 968 1133; baseline 0 -9"><span class='ocrx_word' id='word_1_158' title='bbox 125 1095 228 1124; x_wconf 79' lang='lat' dir='ltr'><em>scilicet</em></span> <span class='ocrx_word' id='word_1_159' title='bbox 249 1095 456 1128; x_wconf 66' lang='lat' dir='ltr'><em>essentialiter,</em></span> <span class='ocrx_word' id='word_1_160' title='bbox 478 1094 600 1133; x_wconf 78' lang='lat' dir='ltr'><em>effective</em></span> <span class='ocrx_word' id='word_1_161' title='bbox 622 1098 649 1123; x_wconf 90' lang='lat' dir='ltr'><em>et</em></span> <span class='ocrx_word' id='word_1_162' title='bbox 671 1095 835 1129; x_wconf 75' lang='lat' dir='ltr'><em>causative,</em></span> <span class='ocrx_word' id='word_1_163' title='bbox 865 1095 968 1125; x_wconf 82' lang='lat' dir='ltr'><em>scilicet</em></span> 
     </span>
    </p>
   </div>
   <div class='ocr_carea' id='block_1_6' title="bbox 992 207 999 1127">
    <p class='ocr_par' dir='ltr' id='par_1_8' title="bbox 992 207 999 1127">
     <span class='ocr_line' id='line_1_26' title="bbox 992 207 999 1127; baseline 0 0"><span class='ocrx_word' id='word_1_164' title='bbox 992 207 999 1127; x_wconf 95' lang='lat' dir='ltr'><em> </em></span> 
     </span>
    </p>
   </div>
   <div class='ocr_carea' id='block_1_7' title="bbox 1806 133 1857 160">
    <p class='ocr_par' dir='ltr' id='par_1_9' title="bbox 1806 133 1857 160">
     <span class='ocr_line' id='line_1_27' title="bbox 1806 133 1857 160; baseline 0 0"><span class='ocrx_word' id='word_1_165' title='bbox 1806 133 1857 160; x_wconf 71' lang='lat'><em>621</em></span> 
     </span>
    </p>
   </div>
   <div class='ocr_carea' id='block_1_8' title="bbox 1021 207 1948 1134">
    <p class='ocr_par' dir='ltr' id='par_1_10' title="bbox 1021 207 1862 429">
     <span class='ocr_line' id='line_1_28' title="bbox 1021 207 1861 245; baseline 0.004 -10"><span class='ocrx_word' id='word_1_166' title='bbox 1021 207 1092 236; x_wconf 83' lang='lat' dir='ltr'><em>sicut</em></span> <span class='ocrx_word' id='word_1_167' title='bbox 1110 216 1202 244; x_wconf 79' lang='lat' dir='ltr'><em>pars,</em></span> <span class='ocrx_word' id='word_1_168' title='bbox 1224 207 1337 245; x_wconf 75' lang='lat' dir='ltr'><em>effeetus</em></span> <span class='ocrx_word' id='word_1_169' title='bbox 1356 209 1400 237; x_wconf 86' lang='lat' dir='ltr'><em>vel</em></span> <span class='ocrx_word' id='word_1_170' title='bbox 1425 217 1527 237; x_wconf 79' lang='lat' dir='ltr'><em>eausa.</em></span> <span class='ocrx_word' id='word_1_171' title='bbox 1550 209 1603 238; x_wconf 84' lang='lat' dir='ltr'><em>Hoc</em></span> <span class='ocrx_word' id='word_1_172' title='bbox 1624 210 1705 238; x_wconf 84' lang='lat' dir='ltr'><em>tertio</em></span> <span class='ocrx_word' id='word_1_173' title='bbox 1723 210 1806 238; x_wconf 87' lang='lat' dir='ltr'><em>modo</em></span> <span class='ocrx_word' id='word_1_174' title='bbox 1821 212 1861 238; x_wconf 86' lang='lat' dir='ltr'><em>est</em></span> 
     </span>
     <span class='ocr_line' id='line_1_29' title="bbox 1021 253 1861 292; baseline 0.004 -11"><span class='ocrx_word' id='word_1_175' title='bbox 1021 253 1091 282; x_wconf 89' lang='lat' dir='ltr'><em>illud</em></span> <span class='ocrx_word' id='word_1_176' title='bbox 1113 254 1260 291; x_wconf 82' lang='lat' dir='ltr'><em>exemplar</em></span> <span class='ocrx_word' id='word_1_177' title='bbox 1291 255 1406 292; x_wconf 75' lang='lat' dir='ltr'><em>aliquid</em></span> <span class='ocrx_word' id='word_1_178' title='bbox 1434 255 1479 283; x_wconf 80' lang='lat' dir='ltr'><em>rei</em></span> <span class='ocrx_word' id='word_1_179' title='bbox 1490 255 1508 283; x_wconf 80' lang='lat'><em>³.</em></span> <span class='ocrx_word' id='word_1_180' title='bbox 1529 272 1570 276; x_wconf 91' lang='lat'>—</span> <span class='ocrx_word' id='word_1_181' title='bbox 1589 256 1730 292; x_wconf 81' lang='lat' dir='ltr'><em>Quantum</em></span> <span class='ocrx_word' id='word_1_182' title='bbox 1751 256 1785 284; x_wconf 83' lang='lat' dir='ltr'><em>ad</em></span> <span class='ocrx_word' id='word_1_183' title='bbox 1809 259 1861 284; x_wconf 86' lang='lat' dir='ltr'><em>ter-</em></span> 
     </span>
     <span class='ocr_line' id='line_1_30' title="bbox 1022 300 1862 338; baseline 0.004 -11"><span class='ocrx_word' id='word_1_184' title='bbox 1022 300 1096 328; x_wconf 79' lang='lat' dir='ltr'><em>tium</em></span> <span class='ocrx_word' id='word_1_185' title='bbox 1117 301 1247 333; x_wconf 86' lang='lat' dir='ltr'><em>modum,</em></span> <span class='ocrx_word' id='word_1_186' title='bbox 1269 301 1373 330; x_wconf 84' lang='lat' dir='ltr'><em>scilicet</em></span> <span class='ocrx_word' id='word_1_187' title='bbox 1387 302 1538 338; x_wconf 80' lang='lat' dir='ltr'><em>potentiam</em></span> <span class='ocrx_word' id='word_1_188' title='bbox 1560 302 1745 336; x_wconf 66' lang='lat' dir='ltr'><em>oausatWam,</em></span> <span class='ocrx_word' id='word_1_189' title='bbox 1762 306 1803 331; x_wconf 89' lang='lat' dir='ltr'><em>est</em></span> <span class='ocrx_word' id='word_1_190' title='bbox 1818 310 1862 331; x_wconf 85' lang='lat' dir='ltr'><em>res</em></span> 
     </span>
     <span class='ocr_line' id='line_1_31' title="bbox 1022 346 1861 385; baseline 0.002 -11"><span class='ocrx_word' id='word_1_191' title='bbox 1022 346 1177 374; x_wconf 76' lang='lat' dir='ltr'><em>secundum</em></span> <span class='ocrx_word' id='word_1_192' title='bbox 1200 354 1228 375; x_wconf 88' lang='lat' dir='ltr'><em>se</em></span> <span class='ocrx_word' id='word_1_193' title='bbox 1249 355 1303 375; x_wconf 90' lang='lat' dir='ltr'><em>non</em></span> <span class='ocrx_word' id='word_1_194' title='bbox 1319 347 1347 375; x_wconf 88' lang='lat' dir='ltr'><em>in</em></span> <span class='ocrx_word' id='word_1_195' title='bbox 1368 351 1453 381; x_wconf 74' lang='lat' dir='ltr'><em>aeta,</em></span> <span class='ocrx_word' id='word_1_196' title='bbox 1469 348 1517 376; x_wconf 88' lang='lat' dir='ltr'><em>sed</em></span> <span class='ocrx_word' id='word_1_197' title='bbox 1530 348 1676 385; x_wconf 80' lang='lat' dir='ltr'><em>potentia,</em></span> <span class='ocrx_word' id='word_1_198' title='bbox 1691 348 1756 385; x_wconf 82' lang='lat' dir='ltr'><em>quia</em></span> <span class='ocrx_word' id='word_1_199' title='bbox 1778 356 1861 377; x_wconf 88' lang='lat' dir='ltr'><em>suum</em></span> 
     </span>
     <span class='ocr_line' id='line_1_32' title="bbox 1021 393 1456 429; baseline 0.005 -9"><span class='ocrx_word' id='word_1_200' title='bbox 1021 399 1082 420; x_wconf 86' lang='lat' dir='ltr'><em>esse</em></span> <span class='ocrx_word' id='word_1_201' title='bbox 1103 395 1193 429; x_wconf 87' lang='lat' dir='ltr'><em>potest</em></span> <span class='ocrx_word' id='word_1_202' title='bbox 1215 393 1331 429; x_wconf 80' lang='lat' dir='ltr'><em>produci</em></span> <span class='ocrx_word' id='word_1_203' title='bbox 1353 402 1369 422; x_wconf 78' lang='lat' dir='ltr'><em>a</em></span> <span class='ocrx_word' id='word_1_204' title='bbox 1393 394 1456 422; x_wconf 90' lang='lat' dir='ltr'><em>Deo.</em></span> 
     </span>
    </p>

    <p class='ocr_par' dir='ltr' id='par_1_11' title="bbox 1022 438 1866 607">
     <span class='ocr_line' id='line_1_33' title="bbox 1101 438 1865 478; baseline 0.004 -12"><span class='ocrx_word' id='word_1_205' title='bbox 1101 438 1127 467; x_wconf 81' lang='lat'><em>3.</em></span> <span class='ocrx_word' id='word_1_206' title='bbox 1149 439 1280 468; x_wconf 80' lang='lat' dir='ltr'><em>Similiter</em></span> <span class='ocrx_word' id='word_1_207' title='bbox 1311 440 1346 468; x_wconf 81' lang='lat' dir='ltr'><em>ad</em></span> <span class='ocrx_word' id='word_1_208' title='bbox 1377 448 1513 477; x_wconf 86' lang='lat' dir='ltr'><em>sequens,</em></span> <span class='ocrx_word' id='word_1_209' title='bbox 1542 441 1705 476; x_wconf 72' lang='lat' dir='ltr'><em>dicendum,</em></span> <span class='ocrx_word' id='word_1_210' title='bbox 1726 441 1800 478; x_wconf 88' lang='lat' dir='ltr'><em>quod</em></span> <span class='ocrx_word' id='word_1_211' title='bbox 1824 449 1865 469; x_wconf 80' lang='lat' dir='ltr'><em>ra-</em></span> 
     </span>
     <span class='ocr_line' id='line_1_34' title="bbox 1022 485 1865 522; baseline 0.004 -9"><span class='ocrx_word' id='word_1_212' title='bbox 1022 485 1095 514; x_wconf 87' lang='lat' dir='ltr'><em>tione</em></span> <span class='ocrx_word' id='word_1_213' title='bbox 1115 486 1312 522; x_wconf 63' lang='lat' dir='ltr'><em>exemplaris*</em></span> <span class='ocrx_word' id='word_1_214' title='bbox 1336 495 1380 516; x_wconf 88' lang='lat' dir='ltr'><em>res</em></span> <span class='ocrx_word' id='word_1_215' title='bbox 1401 487 1557 516; x_wconf 72' lang='lat' dir='ltr'><em>actualiter</em></span> <span class='ocrx_word' id='word_1_216' title='bbox 1585 492 1651 517; x_wconf 84' lang='lat' dir='ltr'><em>sunt</em></span> <span class='ocrx_word' id='word_1_217' title='bbox 1677 488 1703 516; x_wconf 93' lang='lat' dir='ltr'><em>in</em></span> <span class='ocrx_word' id='word_1_218' title='bbox 1732 488 1802 522; x_wconf 82' lang='lat' dir='ltr'><em>Deo;</em></span> <span class='ocrx_word' id='word_1_219' title='bbox 1824 496 1865 516; x_wconf 76' lang='lat' dir='ltr'><em>ra-</em></span> 
     </span>
     <span class='ocr_line' id='line_1_35' title="bbox 1022 532 1866 572; baseline 0.004 -12"><span class='ocrx_word' id='word_1_220' title='bbox 1022 532 1095 561; x_wconf 89' lang='lat' dir='ltr'><em>tione</em></span> <span class='ocrx_word' id='word_1_221' title='bbox 1127 533 1285 561; x_wconf 74' lang='lat' dir='ltr'><em>creationis</em></span> <span class='ocrx_word' id='word_1_222' title='bbox 1312 534 1525 570; x_wconf 76' lang='lat' dir='ltr'><em>potentialiter,</em></span> <span class='ocrx_word' id='word_1_223' title='bbox 1561 534 1626 571; x_wconf 82' lang='lat' dir='ltr'><em>quia</em></span> <span class='ocrx_word' id='word_1_224' title='bbox 1658 538 1774 571; x_wconf 80' lang='lat' dir='ltr'><em>possunt</em></span> <span class='ocrx_word' id='word_1_225' title='bbox 1804 543 1866 572; x_wconf 90' lang='lat' dir='ltr'><em>pro-</em></span> 
     </span>
     <span class='ocr_line' id='line_1_36' title="bbox 1023 579 1096 607; baseline -0.014 0"><span class='ocrx_word' id='word_1_226' title='bbox 1023 579 1096 607; x_wconf 86' lang='lat' dir='ltr'><em>duoi.</em></span> 
     </span>
    </p>

    <p class='ocr_par' dir='ltr' id='par_1_12' title="bbox 1023 628 1948 984">
     <span class='ocr_line' id='line_1_37' title="bbox 1101 628 1865 666; baseline 0.003 -11"><span class='ocrx_word' id='word_1_227' title='bbox 1101 628 1181 664; x_wconf 83' lang='lat' dir='ltr'><em>Quod</em></span> <span class='ocrx_word' id='word_1_228' title='bbox 1203 628 1347 656; x_wconf 86' lang='lat' dir='ltr'><em>obiicitur:</em></span> <span class='ocrx_word' id='word_1_229' title='bbox 1370 628 1444 666; x_wconf 89' lang='lat' dir='ltr'><em>quod</em></span> <span class='ocrx_word' id='word_1_230' title='bbox 1466 632 1507 657; x_wconf 86' lang='lat' dir='ltr'><em>est</em></span> <span class='ocrx_word' id='word_1_231' title='bbox 1535 629 1561 657; x_wconf 92' lang='lat' dir='ltr'><em>in</em></span> <span class='ocrx_word' id='word_1_232' title='bbox 1583 629 1640 657; x_wconf 91' lang='lat' dir='ltr'><em>Deo</em></span> <span class='ocrx_word' id='word_1_233' title='bbox 1668 633 1709 658; x_wconf 88' lang='grc' dir='ltr'><em>θεῖ</em></span> <span class='ocrx_word' id='word_1_234' title='bbox 1738 629 1865 657; x_wconf 85' lang='lat' dir='ltr'><em>immuta—</em></span> 
     </span>
     <span class='ocr_line' id='line_1_38' title="bbox 1023 672 1864 712; baseline 0.005 -12"><span class='ocrx_word' id='word_1_235' title='bbox 1023 672 1093 707; x_wconf 88' lang='lat' dir='ltr'><em>bile;</em></span> <span class='ocrx_word' id='word_1_236' title='bbox 1116 674 1282 708; x_wconf 79' lang='lat' dir='ltr'><em>dicendum,</em></span> <span class='ocrx_word' id='word_1_237' title='bbox 1304 675 1378 711; x_wconf 91' lang='lat' dir='ltr'><em>quod</em></span> <span class='ocrx_word' id='word_1_238' title='bbox 1412 675 1463 704; x_wconf 82' lang='lat' dir='ltr'><em>hoc</em></span> <span class='ocrx_word' id='word_1_239' title='bbox 1495 679 1536 704; x_wconf 87' lang='grc' dir='ltr'><em>θεῖ</em></span> <span class='ocrx_word' id='word_1_240' title='bbox 1557 684 1656 704; x_wconf 90' lang='lat' dir='ltr'><em>verum</em></span> <span class='ocrx_word' id='word_1_241' title='bbox 1682 676 1716 704; x_wconf 88' lang='lat' dir='ltr'><em>de</em></span> <span class='ocrx_word' id='word_1_242' title='bbox 1738 684 1769 704; x_wconf 87' lang='lat' dir='ltr'><em>eo</em></span> <span class='ocrx_word' id='word_1_243' title='bbox 1790 676 1864 712; x_wconf 88' lang='lat' dir='ltr'><em>quod</em></span> 
     </span>
     <span class='ocr_line' id='line_1_39' title="bbox 1023 721 1866 760; baseline 0.005 -13"><span class='ocrx_word' id='word_1_244' title='bbox 1023 723 1065 748; x_wconf 82' lang='lat' dir='ltr'><em>est</em></span> <span class='ocrx_word' id='word_1_245' title='bbox 1093 724 1162 748; x_wconf 79' lang='lat' dir='ltr'><em>actu</em></span> <span class='ocrx_word' id='word_1_246' title='bbox 1190 721 1215 749; x_wconf 91' lang='lat' dir='ltr'><em>in</em></span> <span class='ocrx_word' id='word_1_247' title='bbox 1248 721 1320 755; x_wconf 70' lang='lat' dir='ltr'><em>De03</em></span> <span class='ocrx_word' id='word_1_248' title='bbox 1352 722 1400 750; x_wconf 90' lang='lat' dir='ltr'><em>sed</em></span> <span class='ocrx_word' id='word_1_249' title='bbox 1423 722 1497 759; x_wconf 88' lang='lat' dir='ltr'><em>quod</em></span> <span class='ocrx_word' id='word_1_250' title='bbox 1523 726 1613 759; x_wconf 86' lang='lat' dir='ltr'><em>potest</em></span> <span class='ocrx_word' id='word_1_251' title='bbox 1634 723 1751 760; x_wconf 82' lang='lat' dir='ltr'><em>produci</em></span> <span class='ocrx_word' id='word_1_252' title='bbox 1773 731 1789 751; x_wconf 81' lang='lat' dir='ltr'><em>a</em></span> <span class='ocrx_word' id='word_1_253' title='bbox 1809 723 1866 751; x_wconf 87' lang='lat' dir='ltr'><em>Deo</em></span> 
     </span>
     <span class='ocr_line' id='line_1_40' title="bbox 1024 768 1948 806; baseline 0.003 -11"><span class='ocrx_word' id='word_1_254' title='bbox 1024 770 1066 796; x_wconf 86' lang='lat' dir='ltr'><em>est</em></span> <span class='ocrx_word' id='word_1_255' title='bbox 1098 768 1240 797; x_wconf 76' lang='lat' dir='ltr'><em>mutabile.</em></span> <span class='ocrx_word' id='word_1_256' title='bbox 1262 785 1300 788; x_wconf 76' lang='lat'><strong>—</strong></span> <span class='ocrx_word' id='word_1_257' title='bbox 1337 769 1383 796; x_wconf 85' lang='lat' dir='ltr'><em>Vel</em></span> <span class='ocrx_word' id='word_1_258' title='bbox 1413 769 1579 803; x_wconf 76' lang='lat' dir='ltr'><em>dicendum,</em></span> <span class='ocrx_word' id='word_1_259' title='bbox 1611 770 1686 806; x_wconf 88' lang='lat' dir='ltr'><em>quod</em></span> <span class='ocrx_word' id='word_1_260' title='bbox 1714 769 1948 806; x_wconf 61' lang='lat' dir='ltr'><em>possibile⁵2³¹³2ffl=</em></span> 
     </span>
     <span class='ocr_line' id='line_1_41' title="bbox 1024 814 1867 852; baseline 0.001 -9"><span class='ocrx_word' id='word_1_261' title='bbox 1024 815 1108 843; x_wconf 83' lang='lat' dir='ltr'><em>habet</em></span> <span class='ocrx_word' id='word_1_262' title='bbox 1139 814 1375 851; x_wconf 73' lang='lat' dir='ltr'><em>comparationem</em></span> <span class='ocrx_word' id='word_1_263' title='bbox 1403 815 1438 843; x_wconf 80' lang='lat' dir='ltr'><em>ad</em></span> <span class='ocrx_word' id='word_1_264' title='bbox 1465 815 1587 844; x_wconf 85' lang='lat' dir='ltr'><em>divinam</em></span> <span class='ocrx_word' id='word_1_265' title='bbox 1610 816 1774 852; x_wconf 78' lang='lat' dir='ltr'><em>potentiam,</em></span> <span class='ocrx_word' id='word_1_266' title='bbox 1796 824 1867 852; x_wconf 81' lang='lat' dir='ltr'><em>quae</em></span> 
     </span>
     <span class='ocr_line' id='line_1_42' title="bbox 1025 862 1869 896; baseline 0 -5"><span class='ocrx_word' id='word_1_267' title='bbox 1025 865 1066 891; x_wconf 88' lang='lat' dir='ltr'><em>est</em></span> <span class='ocrx_word' id='word_1_268' title='bbox 1087 862 1287 896; x_wconf 81' lang='lat' dir='ltr'><em>immutabilis,</em></span> <span class='ocrx_word' id='word_1_269' title='bbox 1309 865 1336 891; x_wconf 87' lang='lat' dir='ltr'><em>et</em></span> <span class='ocrx_word' id='word_1_270' title='bbox 1356 862 1395 890; x_wconf 80' lang='lat' dir='ltr'><em>sie</em></span> <span class='ocrx_word' id='word_1_271' title='bbox 1417 865 1459 890; x_wconf 85' lang='grc' dir='ltr'><em>θεῖ</em></span> <span class='ocrx_word' id='word_1_272' title='bbox 1481 862 1671 896; x_wconf 80' lang='lat' dir='ltr'><em>immutabile;</em></span> <span class='ocrx_word' id='word_1_273' title='bbox 1690 862 1732 891; x_wconf 92' lang='lat' dir='ltr'><em>vel</em></span> <span class='ocrx_word' id='word_1_274' title='bbox 1754 862 1789 890; x_wconf 85' lang='lat' dir='ltr'><em>ad</em></span> <span class='ocrx_word' id='word_1_275' title='bbox 1808 870 1869 891; x_wconf 45' lang='lat' dir='ltr'><em>oon*</em></span> 
     </span>
     <span class='ocr_line' id='line_1_43' title="bbox 1025 908 1870 945; baseline 0.001 -9"><span class='ocrx_word' id='word_1_276' title='bbox 1025 911 1150 937; x_wconf 82' lang='lat' dir='ltr'><em>notatum</em></span> <span class='ocrx_word' id='word_1_277' title='bbox 1179 908 1331 945; x_wconf 77' lang='lat' dir='ltr'><em>temporale</em></span> <span class='ocrx_word' id='word_1_278' title='bbox 1363 912 1460 941; x_wconf 78' lang='lat' dir='ltr'><em>extra.</em></span> <span class='ocrx_word' id='word_1_279' title='bbox 1491 912 1518 937; x_wconf 89' lang='lat' dir='ltr'><em>et</em></span> <span class='ocrx_word' id='word_1_280' title='bbox 1550 909 1589 938; x_wconf 78' lang='lat' dir='ltr'><em>sic</em></span> <span class='ocrx_word' id='word_1_281' title='bbox 1621 909 1706 937; x_wconf 82' lang='lat' dir='ltr'><em>habet</em></span> <span class='ocrx_word' id='word_1_282' title='bbox 1726 916 1786 937; x_wconf 76' lang='lat' dir='ltr'><em>esse</em></span> <span class='ocrx_word' id='word_1_283' title='bbox 1812 917 1870 937; x_wconf 91' lang='lat' dir='ltr'><em>mu-</em></span> 
     </span>
     <span class='ocr_line' id='line_1_44' title="bbox 1026 955 1117 984; baseline -0.011 0"><span class='ocrx_word' id='word_1_284' title='bbox 1026 955 1117 984; x_wconf 82' lang='lat' dir='ltr'><em>tabile.</em></span> 
     </span>
    </p>

    <p class='ocr_par' dir='ltr' id='par_1_13' title="bbox 1024 1003 1868 1134">
     <span class='ocr_line' id='line_1_45' title="bbox 1103 1003 1866 1040; baseline 0 -9"><span class='ocrx_word' id='word_1_285' title='bbox 1103 1004 1129 1031; x_wconf 71' lang='lat' dir='ltr'><em>lt.</em></span> <span class='ocrx_word' id='word_1_286' title='bbox 1152 1003 1190 1032; x_wconf 68' lang='lat' dir='ltr'><em>Ad</em></span> <span class='ocrx_word' id='word_1_287' title='bbox 1211 1003 1282 1031; x_wconf 90' lang='lat' dir='ltr'><em>illud</em></span> <span class='ocrx_word' id='word_1_288' title='bbox 1303 1003 1378 1040; x_wconf 88' lang='lat' dir='ltr'><em>quod</em></span> <span class='ocrx_word' id='word_1_289' title='bbox 1399 1003 1528 1032; x_wconf 80' lang='lat' dir='ltr'><em>obiicitur</em></span> <span class='ocrx_word' id='word_1_290' title='bbox 1550 1003 1584 1032; x_wconf 90' lang='lat' dir='ltr'><em>de</em></span> <span class='ocrx_word' id='word_1_291' title='bbox 1605 1004 1758 1037; x_wconf 70' lang='lat' dir='ltr'><em>creatione,</em></span> <span class='ocrx_word' id='word_1_292' title='bbox 1774 1003 1866 1032; x_wconf 78' lang='lat' dir='ltr'><em>dioen-</em></span> 
     </span>
     <span class='ocr_line' id='line_1_46' title="bbox 1025 1049 1866 1087; baseline 0 -9"><span class='ocrx_word' id='word_1_293' title='bbox 1025 1050 1112 1083; x_wconf 75' lang='lat' dir='ltr'><em>dum,</em></span> <span class='ocrx_word' id='word_1_294' title='bbox 1144 1049 1219 1087; x_wconf 84' lang='lat' dir='ltr'><em>quod</em></span> <span class='ocrx_word' id='word_1_295' title='bbox 1249 1050 1378 1086; x_wconf 81' lang='lat' dir='ltr'><em>quamvis</em></span> <span class='ocrx_word' id='word_1_296' title='bbox 1408 1053 1487 1078; x_wconf 79' lang='lat' dir='ltr'><em>actus</em></span> <span class='ocrx_word' id='word_1_297' title='bbox 1518 1050 1630 1078; x_wconf 80' lang='lat' dir='ltr'><em>creandi</em></span> <span class='ocrx_word' id='word_1_298' title='bbox 1663 1058 1715 1078; x_wconf 92' lang='lat' dir='ltr'><em>non</em></span> <span class='ocrx_word' id='word_1_299' title='bbox 1746 1050 1866 1087; x_wconf 84' lang='lat' dir='ltr'><em>potuerit</em></span> 
     </span>
     <span class='ocr_line' id='line_1_47' title="bbox 1024 1097 1868 1134; baseline 0 -9"><span class='ocrx_word' id='word_1_300' title='bbox 1024 1104 1085 1125; x_wconf 86' lang='lat' dir='ltr'><em>esse</em></span> <span class='ocrx_word' id='word_1_301' title='bbox 1099 1097 1134 1125; x_wconf 76' lang='lat' dir='ltr'><em>ab</em></span> <span class='ocrx_word' id='word_1_302' title='bbox 1149 1100 1276 1131; x_wconf 83' lang='lat' dir='ltr'><em>aeterno,</em></span> <span class='ocrx_word' id='word_1_303' title='bbox 1298 1099 1391 1125; x_wconf 77' lang='lat' dir='ltr'><em>tamen</em></span> <span class='ocrx_word' id='word_1_304' title='bbox 1412 1097 1534 1134; x_wconf 80' lang='lat' dir='ltr'><em>potentia</em></span> <span class='ocrx_word' id='word_1_305' title='bbox 1549 1097 1660 1125; x_wconf 67' lang='lat' dir='ltr'><em>creandi</em></span> <span class='ocrx_word' id='word_1_306' title='bbox 1676 1097 1727 1125; x_wconf 86' lang='lat' dir='ltr'><em>fuit</em></span> <span class='ocrx_word' id='word_1_307' title='bbox 1743 1097 1769 1125; x_wconf 88' lang='lat' dir='ltr'><em>in</em></span> <span class='ocrx_word' id='word_1_308' title='bbox 1784 1097 1868 1126; x_wconf 59' lang='lat' dir='ltr'><em>Deoss.</em></span> 
     </span>
    </p>
   </div>
   <div class='ocr_carea' id='block_1_9' title="bbox 866 1244 1127 1281">
    <p class='ocr_par' dir='ltr' id='par_1_14' title="bbox 866 1244 1127 1281">
     <span class='ocr_line' id='line_1_48' title="bbox 866 1244 1127 1281; baseline 0.004 -1"><span class='ocrx_word' id='word_1_309' title='bbox 866 1244 1127 1281; x_wconf 82' lang='lat' dir='ltr'><strong>SCHOLION.</strong></span> 
     </span>
    </p>
   </div>
   <div class='ocr_carea' id='block_1_10' title="bbox 126 1393 970 1461">
    <p class='ocr_par' dir='ltr' id='par_1_15' title="bbox 126 1393 970 1461">
     <span class='ocr_line' id='line_1_49' title="bbox 190 1393 969 1416; baseline 0 -1"><span class='ocrx_word' id='word_1_310' title='bbox 190 1394 203 1415; x_wconf 88' lang='lat' dir='ltr'><em>i.</em></span> <span class='ocrx_word' id='word_1_311' title='bbox 222 1394 243 1415; x_wconf 91' lang='lat' dir='ltr'><em>ln</em></span> <span class='ocrx_word' id='word_1_312' title='bbox 262 1395 304 1416; x_wconf 83' lang='lat' dir='ltr'><em>hac</em></span> <span class='ocrx_word' id='word_1_313' title='bbox 321 1394 462 1416; x_wconf 76' lang='lat' dir='ltr'><em>distinctione</em></span> <span class='ocrx_word' id='word_1_314' title='bbox 481 1396 524 1416; x_wconf 85' lang='lat' dir='ltr'><em>tota</em></span> <span class='ocrx_word' id='word_1_315' title='bbox 548 1394 649 1416; x_wconf 83' lang='lat' dir='ltr'><em>doctrina</em></span> <span class='ocrx_word' id='word_1_316' title='bbox 668 1393 696 1415; x_wconf 87' lang='lat' dir='ltr'><em>de</em></span> <span class='ocrx_word' id='word_1_317' title='bbox 713 1394 829 1416; x_wconf 79' lang='lat' dir='ltr'><em>existentia</em></span> <span class='ocrx_word' id='word_1_318' title='bbox 853 1400 929 1416; x_wconf 79' lang='lat' dir='ltr'><em>rerum</em></span> <span class='ocrx_word' id='word_1_319' title='bbox 948 1394 969 1415; x_wconf 92' lang='lat' dir='ltr'><em>in</em></span> 
     </span>
     <span class='ocr_line' id='line_1_50' title="bbox 126 1432 970 1461; baseline 0 -7"><span class='ocrx_word' id='word_1_320' title='bbox 126 1432 173 1455; x_wconf 85' lang='lat' dir='ltr'><em>Deo</em></span> <span class='ocrx_word' id='word_1_321' title='bbox 185 1439 197 1454; x_wconf 87' lang='lat' dir='ltr'><em>a</em></span> <span class='ocrx_word' id='word_1_322' title='bbox 210 1433 231 1454; x_wconf 79' lang='lat' dir='ltr'><em>S.</em></span> <span class='ocrx_word' id='word_1_323' title='bbox 251 1433 408 1455; x_wconf 64' lang='lat' dir='ltr'><em>bonaventura</em></span> <span class='ocrx_word' id='word_1_324' title='bbox 422 1433 591 1455; x_wconf 72' lang='lat' dir='ltr'><em>accuratissime</em></span> <span class='ocrx_word' id='word_1_325' title='bbox 609 1435 761 1454; x_wconf 78' lang='lat' dir='ltr'><em>tractatur.—-</em></span> <span class='ocrx_word' id='word_1_326' title='bbox 770 1433 813 1455; x_wconf 88' lang='lat' dir='ltr'><em>Pro</em></span> <span class='ocrx_word' id='word_1_327' title='bbox 826 1433 970 1461; x_wconf 71' lang='lat' dir='ltr'><em>intelligentia</em></span> 
     </span>
    </p>
   </div>
   <div class='ocr_carea' id='block_1_11' title="bbox 127 1471 1000 1500">
    <p class='ocr_par' dir='ltr' id='par_1_16' title="bbox 127 1471 1000 1500">
     <span class='ocr_line' id='line_1_51' title="bbox 127 1471 1000 1500; baseline 0 -7"><span class='ocrx_word' id='word_1_328' title='bbox 127 1472 215 1499; x_wconf 84' lang='lat' dir='ltr'><em>primae</em></span> <span class='ocrx_word' id='word_1_329' title='bbox 227 1472 366 1500; x_wconf 67' lang='lat' dir='ltr'><em>quaestionis</em></span> <span class='ocrx_word' id='word_1_330' title='bbox 379 1471 505 1493; x_wconf 76' lang='lat' dir='ltr'><em>notandum</em></span> <span class='ocrx_word' id='word_1_331' title='bbox 518 1474 562 1499; x_wconf 87' lang='lat' dir='ltr'><em>est,</em></span> <span class='ocrx_word' id='word_1_332' title='bbox 575 1472 639 1500; x_wconf 82' lang='lat' dir='ltr'><em>quod</em></span> <span class='ocrx_word' id='word_1_333' title='bbox 657 1472 774 1499; x_wconf 72' lang='lat' dir='ltr'><em>tripliciter</em></span> <span class='ocrx_word' id='word_1_334' title='bbox 786 1472 878 1500; x_wconf 74' lang='lat' dir='ltr'><em>intelligi</em></span> <span class='ocrx_word' id='word_1_335' title='bbox 897 1474 971 1499; x_wconf 84' lang='lat' dir='ltr'><em>potest</em></span> <span class='ocrx_word' id='word_1_336' title='bbox 999 1485 1000 1490; x_wconf 66' lang='lat'><em>.</em></span> 
     </span>
    </p>
   </div>
   <div class='ocr_carea' id='block_1_12' title="bbox 124 1510 974 1929">
    <p class='ocr_par' dir='ltr' id='par_1_17' title="bbox 124 1510 974 1929">
     <span class='ocr_line' id='line_1_52' title="bbox 127 1510 970 1538; baseline -0.001 -5"><span class='ocrx_word' id='word_1_337' title='bbox 127 1511 209 1533; x_wconf 83' lang='lat' dir='ltr'><em>locutio</em></span> <span class='ocrx_word' id='word_1_338' title='bbox 227 1516 275 1533; x_wconf 73' lang='lat' dir='ltr'><em>esse</em></span> <span class='ocrx_word' id='word_1_339' title='bbox 292 1510 316 1533; x_wconf 79' lang='lat' dir='ltr'><em>in</em></span> <span class='ocrx_word' id='word_1_340' title='bbox 336 1511 394 1538; x_wconf 87' lang='lat' dir='ltr'><em>Deo,</em></span> <span class='ocrx_word' id='word_1_341' title='bbox 415 1513 439 1533; x_wconf 86' lang='lat' dir='ltr'><em>nt</em></span> <span class='ocrx_word' id='word_1_342' title='bbox 456 1511 514 1533; x_wconf 76' lang='lat' dir='ltr'><em>hene</em></span> <span class='ocrx_word' id='word_1_343' title='bbox 532 1511 658 1538; x_wconf 75' lang='lat' dir='ltr'><em>explicatur</em></span> <span class='ocrx_word' id='word_1_344' title='bbox 676 1511 712 1533; x_wconf 80' lang='lat' dir='ltr'><em>hic</em></span> <span class='ocrx_word' id='word_1_345' title='bbox 729 1510 784 1533; x_wconf 85' lang='lat' dir='ltr'><em>dub.</em></span> <span class='ocrx_word' id='word_1_346' title='bbox 807 1511 824 1532; x_wconf 88' lang='lat' dir='ltr'><em>i.</em></span> <span class='ocrx_word' id='word_1_347' title='bbox 836 1523 868 1527; x_wconf 92' lang='lat'><strong>—</strong></span> <span class='ocrx_word' id='word_1_348' title='bbox 885 1511 970 1533; x_wconf 73' lang='lat' dir='ltr'><em>Deinde</em></span> 
     </span>
     <span class='ocr_line' id='line_1_53' title="bbox 126 1549 971 1578; baseline 0 -6"><span class='ocrx_word' id='word_1_349' title='bbox 126 1549 299 1572; x_wconf 82' lang='lat' dir='ltr'><em>observandum</em></span> <span class='ocrx_word' id='word_1_350' title='bbox 311 1552 356 1578; x_wconf 82' lang='lat' dir='ltr'><em>est⁷</em></span> <span class='ocrx_word' id='word_1_351' title='bbox 370 1551 391 1571; x_wconf 91' lang='lat' dir='ltr'><em>in</em></span> <span class='ocrx_word' id='word_1_352' title='bbox 405 1550 484 1578; x_wconf 74' lang='lat' dir='ltr'><em>triplici</em></span> <span class='ocrx_word' id='word_1_353' title='bbox 503 1556 570 1572; x_wconf 83' lang='lat' dir='ltr'><em>sensu</em></span> <span class='ocrx_word' id='word_1_354' title='bbox 584 1551 656 1578; x_wconf 77' lang='lat' dir='ltr'><em>accipi</em></span> <span class='ocrx_word' id='word_1_355' title='bbox 668 1556 736 1578; x_wconf 83' lang='lat' dir='ltr'><em>posse</em></span> <span class='ocrx_word' id='word_1_356' title='bbox 751 1556 832 1572; x_wconf 78' lang='lat' dir='ltr'><em>vocem</em></span> <span class='ocrx_word' id='word_1_357' title='bbox 846 1556 904 1577; x_wconf 82' lang='lat' dir='ltr'><em>esse,</em></span> <span class='ocrx_word' id='word_1_358' title='bbox 924 1550 971 1572; x_wconf 82' lang='lat' dir='ltr'><em>scil.</em></span> 
     </span>
     <span class='ocr_line' id='line_1_54' title="bbox 127 1588 971 1617; baseline 0 -6"><span class='ocrx_word' id='word_1_359' title='bbox 127 1594 169 1617; x_wconf 81' lang='lat' dir='ltr'><em>pro</em></span> <span class='ocrx_word' id='word_1_360' title='bbox 186 1594 235 1611; x_wconf 80' lang='lat' dir='ltr'><em>esse</em></span> <span class='ocrx_word' id='word_1_361' title='bbox 252 1588 364 1611; x_wconf 73' lang='lat' dir='ltr'><em>esseutiae</em></span> <span class='ocrx_word' id='word_1_362' title='bbox 382 1589 444 1617; x_wconf 82' lang='lat' dir='ltr'><em>(sive</em></span> <span class='ocrx_word' id='word_1_363' title='bbox 462 1589 626 1617; x_wconf 74' lang='lat' dir='ltr'><em>quidditatim,</em></span> <span class='ocrx_word' id='word_1_364' title='bbox 646 1591 669 1611; x_wconf 86' lang='lat' dir='ltr'><em>ut</em></span> <span class='ocrx_word' id='word_1_365' title='bbox 691 1589 796 1611; x_wconf 77' lang='lat' dir='ltr'><em>dixerunt</em></span> <span class='ocrx_word' id='word_1_366' title='bbox 813 1589 971 1617; x_wconf 67' lang='lat' dir='ltr'><em>scholastici),</em></span> 
     </span>
     <span class='ocr_line' id='line_1_55' title="bbox 126 1627 972 1657; baseline 0.001 -7"><span class='ocrx_word' id='word_1_367' title='bbox 126 1634 169 1656; x_wconf 89' lang='lat' dir='ltr'><em>pro</em></span> <span class='ocrx_word' id='word_1_368' title='bbox 186 1634 235 1650; x_wconf 81' lang='lat' dir='ltr'><em>esse</em></span> <span class='ocrx_word' id='word_1_369' title='bbox 246 1627 397 1656; x_wconf 56' lang='lat' dir='ltr'><em>existentiae,</em></span> <span class='ocrx_word' id='word_1_370' title='bbox 417 1631 439 1650; x_wconf 78' lang='lat' dir='ltr'><em>ct</em></span> <span class='ocrx_word' id='word_1_371' title='bbox 455 1634 497 1656; x_wconf 89' lang='lat' dir='ltr'><em>pro</em></span> <span class='ocrx_word' id='word_1_372' title='bbox 509 1627 550 1651; x_wconf 90' lang='lat' dir='ltr'><em>illo</em></span> <span class='ocrx_word' id='word_1_373' title='bbox 568 1634 628 1656; x_wconf 80' lang='lat' dir='ltr'><em>esse,</em></span> <span class='ocrx_word' id='word_1_374' title='bbox 647 1628 710 1657; x_wconf 86' lang='lat' dir='ltr'><em>quod</em></span> <span class='ocrx_word' id='word_1_375' title='bbox 722 1628 835 1656; x_wconf 75' lang='lat' dir='ltr'><em>signifieat</em></span> <span class='ocrx_word' id='word_1_376' title='bbox 852 1628 972 1651; x_wconf 72' lang='lat' dir='ltr'><em>veritatem</em></span> 
     </span>
     <span class='ocr_line' id='line_1_56' title="bbox 124 1665 972 1696; baseline 0 -7"><span class='ocrx_word' id='word_1_377' title='bbox 124 1665 292 1696; x_wconf 74' lang='lat' dir='ltr'><em>propositionis</em></span> <span class='ocrx_word' id='word_1_378' title='bbox 304 1667 353 1688; x_wconf 81' lang='lat' dir='ltr'><em>sive</em></span> <span class='ocrx_word' id='word_1_379' title='bbox 366 1667 531 1688; x_wconf 65' lang='lat' dir='ltr'><em>connexionem</em></span> <span class='ocrx_word' id='word_1_380' title='bbox 543 1666 638 1688; x_wconf 79' lang='lat' dir='ltr'><em>subiecti</em></span> <span class='ocrx_word' id='word_1_381' title='bbox 657 1669 679 1689; x_wconf 87' lang='lat' dir='ltr'><em>et</em></span> <span class='ocrx_word' id='word_1_382' title='bbox 690 1667 813 1694; x_wconf 82' lang='lat' dir='ltr'><em>praedicati</em></span> <span class='ocrx_word' id='word_1_383' title='bbox 824 1685 829 1695; x_wconf 82' lang='lat'>‚</span> <span class='ocrx_word' id='word_1_384' title='bbox 851 1673 909 1695; x_wconf 75' lang='lat' dir='ltr'><em>quat·</em></span> <span class='ocrx_word' id='word_1_385' title='bbox 922 1673 972 1689; x_wconf 77' lang='lat' dir='ltr'><em>con-</em></span> 
     </span>
     <span class='ocr_line' id='line_1_57' title="bbox 127 1704 972 1735; baseline 0.001 -8"><span class='ocrx_word' id='word_1_386' title='bbox 127 1706 192 1728; x_wconf 82' lang='lat' dir='ltr'><em>nexio</em></span> <span class='ocrx_word' id='word_1_387' title='bbox 209 1707 243 1728; x_wconf 73' lang='lat' dir='ltr'><em>ost</em></span> <span class='ocrx_word' id='word_1_388' title='bbox 264 1706 285 1727; x_wconf 89' lang='lat' dir='ltr'><em>in</em></span> <span class='ocrx_word' id='word_1_389' title='bbox 306 1705 376 1728; x_wconf 87' lang='lat' dir='ltr'><em>rebus</em></span> <span class='ocrx_word' id='word_1_390' title='bbox 392 1704 615 1734; x_wconf 67' lang='lat' dir='ltr'><em>fundamentaliter,</em></span> <span class='ocrx_word' id='word_1_391' title='bbox 635 1706 657 1727; x_wconf 93' lang='lat' dir='ltr'><em>in</em></span> <span class='ocrx_word' id='word_1_392' title='bbox 675 1706 788 1728; x_wconf 81' lang='lat' dir='ltr'><em>intellectu</em></span> <span class='ocrx_word' id='word_1_393' title='bbox 810 1712 865 1728; x_wconf 81' lang='lat' dir='ltr'><em>vero</em></span> <span class='ocrx_word' id='word_1_394' title='bbox 882 1705 972 1735; x_wconf 77' lang='lat' dir='ltr'><em>forma-</em></span> 
     </span>
     <span class='ocr_line' id='line_1_58' title="bbox 128 1744 972 1773; baseline 0 -6"><span class='ocrx_word' id='word_1_395' title='bbox 128 1744 187 1767; x_wconf 77' lang='lat' dir='ltr'><em>liter.</em></span> <span class='ocrx_word' id='word_1_396' title='bbox 206 1745 227 1766; x_wconf 92' lang='lat' dir='ltr'><em>ln</em></span> <span class='ocrx_word' id='word_1_397' title='bbox 246 1744 455 1772; x_wconf 76' lang='lat' dir='ltr'><em>propositionibus,</em></span> <span class='ocrx_word' id='word_1_398' title='bbox 474 1751 533 1773; x_wconf 83' lang='lat' dir='ltr'><em>quoe</em></span> <span class='ocrx_word' id='word_1_399' title='bbox 551 1744 635 1767; x_wconf 77' lang='lat' dir='ltr'><em>liabent</em></span> <span class='ocrx_word' id='word_1_400' title='bbox 652 1746 803 1767; x_wconf 85' lang='lat' dir='ltr'><em>necessariam</em></span> <span class='ocrx_word' id='word_1_401' title='bbox 823 1746 972 1767; x_wconf 71' lang='lat' dir='ltr'><em>terminorum</em></span> 
     </span>
     <span class='ocr_line' id='line_1_59' title="bbox 127 1783 972 1813; baseline 0.001 -8"><span class='ocrx_word' id='word_1_402' title='bbox 127 1784 259 1806; x_wconf 79' lang='lat' dir='ltr'><em>relationem</em></span> <span class='ocrx_word' id='word_1_403' title='bbox 277 1796 308 1799; x_wconf 97' lang='lat'><strong>—</strong></span> <span class='ocrx_word' id='word_1_404' title='bbox 325 1783 385 1805; x_wconf 83' lang='lat' dir='ltr'><em>unde</em></span> <span class='ocrx_word' id='word_1_405' title='bbox 407 1787 519 1806; x_wconf 73' lang='lat' dir='ltr'><em>vocantur</em></span> <span class='ocrx_word' id='word_1_406' title='bbox 542 1785 671 1813; x_wconf 62' lang='lat' dir='ltr'><em>peipetune</em></span> <span class='ocrx_word' id='word_1_407' title='bbox 687 1783 793 1807; x_wconf 67' lang='lat' dir='ltr'><em>veritatis</em></span> <span class='ocrx_word' id='word_1_408' title='bbox 809 1796 841 1800; x_wconf 89' lang='lat'>—</span> <span class='ocrx_word' id='word_1_409' title='bbox 857 1785 972 1807; x_wconf 75' lang='lat' dir='ltr'><em>existentia</em></span> 
     </span>
     <span class='ocr_line' id='line_1_60' title="bbox 128 1822 973 1851; baseline 0.001 -7"><span class='ocrx_word' id='word_1_410' title='bbox 128 1823 221 1845; x_wconf 85' lang='lat' dir='ltr'><em>actualis</em></span> <span class='ocrx_word' id='word_1_411' title='bbox 238 1822 333 1845; x_wconf 83' lang='lat' dir='ltr'><em>subiecti</em></span> <span class='ocrx_word' id='word_1_412' title='bbox 352 1828 396 1844; x_wconf 87' lang='lat' dir='ltr'><em>non</em></span> <span class='ocrx_word' id='word_1_413' title='bbox 414 1823 538 1851; x_wconf 78' lang='lat' dir='ltr'><em>requiritur</em></span> <span class='ocrx_word' id='word_1_414' title='bbox 555 1823 583 1845; x_wconf 80' lang='lat' dir='ltr'><em>atl</em></span> <span class='ocrx_word' id='word_1_415' title='bbox 601 1824 721 1845; x_wconf 63' lang='lat' dir='ltr'><em>veritatem</em></span> <span class='ocrx_word' id='word_1_416' title='bbox 740 1824 907 1851; x_wconf 73' lang='lat' dir='ltr'><em>propositionis.</em></span> <span class='ocrx_word' id='word_1_417' title='bbox 929 1824 973 1845; x_wconf 79' lang='lat' dir='ltr'><em>Neo</em></span> 
     </span>
     <span class='ocr_line' id='line_1_61' title="bbox 129 1861 972 1891; baseline 0.001 -8"><span class='ocrx_word' id='word_1_418' title='bbox 129 1864 203 1883; x_wconf 81' lang='lat' dir='ltr'><em>tamen</em></span> <span class='ocrx_word' id='word_1_419' title='bbox 221 1861 299 1883; x_wconf 75' lang='lat' dir='ltr'><em>idealis</em></span> <span class='ocrx_word' id='word_1_420' title='bbox 316 1862 351 1883; x_wconf 82' lang='lat' dir='ltr'><em>illa</em></span> <span class='ocrx_word' id='word_1_421' title='bbox 364 1865 385 1884; x_wconf 81' lang='lat' dir='ltr'><em>et</em></span> <span class='ocrx_word' id='word_1_422' title='bbox 397 1865 487 1884; x_wconf 80' lang='lat' dir='ltr'><em>fleterna</em></span> <span class='ocrx_word' id='word_1_423' title='bbox 500 1863 623 1884; x_wconf 76' lang='lat' dir='ltr'><em>net-essitas</em></span> <span class='ocrx_word' id='word_1_424' title='bbox 640 1863 759 1890; x_wconf 73' lang='lat' dir='ltr'><em>supponit,</em></span> <span class='ocrx_word' id='word_1_425' title='bbox 778 1863 863 1891; x_wconf 80' lang='lat' dir='ltr'><em>aliquid</em></span> <span class='ocrx_word' id='word_1_426' title='bbox 882 1869 931 1884; x_wconf 66' lang='lat' dir='ltr'><em>esse</em></span> <span class='ocrx_word' id='word_1_427' title='bbox 944 1862 972 1884; x_wconf 81' lang='lat' dir='ltr'><em>ab</em></span> 
     </span>
     <span class='ocr_line' id='line_1_62' title="bbox 128 1900 974 1929; baseline 0 -6"><span class='ocrx_word' id='word_1_428' title='bbox 128 1903 227 1928; x_wconf 80' lang='lat' dir='ltr'><em>aeterno,</em></span> <span class='ocrx_word' id='word_1_429' title='bbox 241 1901 282 1922; x_wconf 85' lang='lat' dir='ltr'><em>nisi</em></span> <span class='ocrx_word' id='word_1_430' title='bbox 292 1901 314 1922; x_wconf 80' lang='lat' dir='ltr'><em>In</em></span> <span class='ocrx_word' id='word_1_431' title='bbox 328 1900 380 1922; x_wconf 77' lang='lat' dir='ltr'><em>Deo.</em></span> <span class='ocrx_word' id='word_1_432' title='bbox 394 1900 509 1922; x_wconf 76' lang='lat' dir='ltr'><em>Contraria</em></span> <span class='ocrx_word' id='word_1_433' title='bbox 529 1900 643 1929; x_wconf 78' lang='lat' dir='ltr'><em>doctrino,</em></span> <span class='ocrx_word' id='word_1_434' title='bbox 656 1901 703 1923; x_wconf 76' lang='lat' dir='ltr'><em>scil.</em></span> <span class='ocrx_word' id='word_1_435' title='bbox 725 1909 735 1920; x_wconf 72' lang='grc' dir='ltr'><em>«ι</em></span> <span class='ocrx_word' id='word_1_436' title='bbox 746 1901 807 1929; x_wconf 86' lang='lat' dir='ltr'><em>qnod</em></span> <span class='ocrx_word' id='word_1_437' title='bbox 826 1901 909 1923; x_wconf 80' lang='lat' dir='ltr'><em>multae</em></span> <span class='ocrx_word' id='word_1_438' title='bbox 921 1904 974 1923; x_wconf 84' lang='lat' dir='ltr'><em>sunt</em></span> 
     </span>
    </p>
   </div>
   <div class='ocr_carea' id='block_1_13' title="bbox 128 1933 1002 1968">
    <p class='ocr_par' dir='ltr' id='par_1_18' title="bbox 128 1933 1002 1968">
     <span class='ocr_line' id='line_1_63' title="bbox 128 1933 1002 1968; baseline 0.001 -7"><span class='ocrx_word' id='word_1_439' title='bbox 128 1940 234 1962; x_wconf 81' lang='lat' dir='ltr'><em>veritates</em></span> <span class='ocrx_word' id='word_1_440' title='bbox 246 1939 274 1961; x_wconf 79' lang='lat' dir='ltr'><em>ab</em></span> <span class='ocrx_word' id='word_1_441' title='bbox 287 1943 389 1967; x_wconf 60' lang='lat' dir='ltr'><em>aeterno,</em></span> <span class='ocrx_word' id='word_1_442' title='bbox 402 1945 460 1968; x_wconf 77' lang='lat' dir='ltr'><em>quae</em></span> <span class='ocrx_word' id='word_1_443' title='bbox 474 1945 517 1961; x_wconf 83' lang='lat' dir='ltr'><em>nou</em></span> <span class='ocrx_word' id='word_1_444' title='bbox 530 1943 583 1962; x_wconf 81' lang='lat' dir='ltr'><em>sunt</em></span> <span class='ocrx_word' id='word_1_445' title='bbox 597 1939 657 1962; x_wconf 78' lang='lat' dir='ltr'><em>Deus</em></span> <span class='ocrx_word' id='word_1_446' title='bbox 670 1948 680 1959; x_wconf 82' lang='grc'><em>»</em></span> <span class='ocrx_word' id='word_1_447' title='bbox 692 1958 696 1967; x_wconf 86' lang='grc'>,</span> <span class='ocrx_word' id='word_1_448' title='bbox 710 1942 744 1961; x_wconf 78' lang='lat' dir='ltr'><em>est</em></span> <span class='ocrx_word' id='word_1_449' title='bbox 761 1940 873 1968; x_wconf 77' lang='lat' dir='ltr'><em>septimus</em></span> <span class='ocrx_word' id='word_1_450' title='bbox 890 1941 973 1962; x_wconf 73' lang='lat' dir='ltr'><em>articu-</em></span> <span class='ocrx_word' id='word_1_451' title='bbox 1001 1933 1002 1938; x_wconf 38' lang='lat'>¹</span> 
     </span>
    </p>
   </div>
   <div class='ocr_carea' id='block_1_14' title="bbox 128 1978 974 2046">
    <p class='ocr_par' dir='ltr' id='par_1_19' title="bbox 128 1978 974 2046">
     <span class='ocr_line' id='line_1_64' title="bbox 128 1978 974 2007; baseline 0.001 -7"><span class='ocrx_word' id='word_1_452' title='bbox 128 1978 163 2000; x_wconf 80' lang='lat' dir='ltr'><em>lus</em></span> <span class='ocrx_word' id='word_1_453' title='bbox 186 1978 322 2006; x_wconf 71' lang='lat' dir='ltr'><em>reprobatus</em></span> <span class='ocrx_word' id='word_1_454' title='bbox 345 1978 374 2000; x_wconf 78' lang='lat' dir='ltr'><em>ab</em></span> <span class='ocrx_word' id='word_1_455' title='bbox 392 1978 543 2000; x_wconf 67' lang='lat' dir='ltr'><em>Universitate</em></span> <span class='ocrx_word' id='word_1_456' title='bbox 566 1978 727 2006; x_wconf 61' lang='lat' dir='ltr'><em>attigisti-orum</em></span> <span class='ocrx_word' id='word_1_457' title='bbox 750 1979 923 2007; x_wconf 80' lang='lat' dir='ltr'><em>Par1siensium,</em></span> <span class='ocrx_word' id='word_1_458' title='bbox 950 1982 974 2001; x_wconf 86' lang='lat' dir='ltr'><em>ut</em></span> 
     </span>
     <span class='ocr_line' id='line_1_65' title="bbox 129 2018 972 2046; baseline 0.001 -6"><span class='ocrx_word' id='word_1_459' title='bbox 129 2019 197 2041; x_wconf 80' lang='lat' dir='ltr'><em>refert</em></span> <span class='ocrx_word' id='word_1_460' title='bbox 209 2019 230 2040; x_wconf 78' lang='lat' dir='ltr'><em>S.</em></span> <span class='ocrx_word' id='word_1_461' title='bbox 244 2018 336 2046; x_wconf 53' lang='lat' dir='ltr'><em>Bonan,</em></span> <span class='ocrx_word' id='word_1_462' title='bbox 350 2018 372 2040; x_wconf 91' lang='lat' dir='ltr'><em>ll.</em></span> <span class='ocrx_word' id='word_1_463' title='bbox 385 2018 445 2040; x_wconf 80' lang='lat' dir='ltr'><em>Seni.</em></span> <span class='ocrx_word' id='word_1_464' title='bbox 459 2018 480 2039; x_wconf 73' lang='lat' dir='ltr'><em>tl.</em></span> <span class='ocrx_word' id='word_1_465' title='bbox 494 2018 530 2039; x_wconf 71' lang='lat'><em>23.</em></span> <span class='ocrx_word' id='word_1_466' title='bbox 549 2024 567 2039; x_wconf 79' lang='lat' dir='ltr'><em>a.</em></span> <span class='ocrx_word' id='word_1_467' title='bbox 582 2018 602 2039; x_wconf 75' lang='lat'><em>2.</em></span> <span class='ocrx_word' id='word_1_468' title='bbox 616 2025 638 2046; x_wconf 89' lang='lat' dir='ltr'><em>q.</em></span> <span class='ocrx_word' id='word_1_469' title='bbox 652 2018 671 2040; x_wconf 83' lang='lat'><em>3.</em></span> <span class='ocrx_word' id='word_1_470' title='bbox 685 2019 706 2039; x_wconf 94' lang='lat' dir='ltr'><em>in</em></span> <span class='ocrx_word' id='word_1_471' title='bbox 720 2018 763 2040; x_wconf 77' lang='lat' dir='ltr'><em>sine</em></span> <span class='ocrx_word' id='word_1_472' title='bbox 777 2019 830 2043; x_wconf 79' lang='lat' dir='ltr'><em>(cfr.</em></span> <span class='ocrx_word' id='word_1_473' title='bbox 843 2019 865 2040; x_wconf 77' lang='lat' dir='ltr'><em>S.</em></span> <span class='ocrx_word' id='word_1_474' title='bbox 882 2019 972 2045; x_wconf 78' lang='lat' dir='ltr'><em>Thom,</em></span> 
     </span>
    </p>
   </div>
   <div class='ocr_carea' id='block_1_15' title="bbox 130 2056 1002 2085">
    <p class='ocr_par' dir='ltr' id='par_1_20' title="bbox 130 2056 1002 2085">
     <span class='ocr_line' id='line_1_66' title="bbox 130 2056 1002 2085; baseline 0 -6"><span class='ocrx_word' id='word_1_475' title='bbox 130 2057 151 2079; x_wconf 83' lang='lat' dir='ltr'><em>S.</em></span> <span class='ocrx_word' id='word_1_476' title='bbox 171 2057 183 2079; x_wconf 91' lang='grc' dir='ltr'><em>Ι,</em></span> <span class='ocrx_word' id='word_1_477' title='bbox 202 2063 223 2085; x_wconf 87' lang='lat' dir='ltr'><em>q.</em></span> <span class='ocrx_word' id='word_1_478' title='bbox 247 2058 278 2079; x_wconf 82' lang='lat'><em>16.</em></span> <span class='ocrx_word' id='word_1_479' title='bbox 292 2063 311 2078; x_wconf 78' lang='lat' dir='ltr'><em>a.</em></span> <span class='ocrx_word' id='word_1_480' title='bbox 330 2057 351 2083; x_wconf 79' lang='lat'><em>7,</em></span> <span class='ocrx_word' id='word_1_481' title='bbox 364 2061 384 2079; x_wconf 77' lang='lat' dir='ltr'><em>et</em></span> <span class='ocrx_word' id='word_1_482' title='bbox 403 2063 424 2085; x_wconf 84' lang='lat' dir='ltr'><em>q.</em></span> <span class='ocrx_word' id='word_1_483' title='bbox 443 2057 474 2078; x_wconf 83' lang='lat'><em>10.</em></span> <span class='ocrx_word' id='word_1_484' title='bbox 493 2063 512 2078; x_wconf 76' lang='lat' dir='ltr'><em>u.</em></span> <span class='ocrx_word' id='word_1_485' title='bbox 531 2056 552 2078; x_wconf 84' lang='grc'><em>3.</em></span> <span class='ocrx_word' id='word_1_486' title='bbox 565 2056 601 2078; x_wconf 77' lang='lat' dir='ltr'><em>ad.</em></span> <span class='ocrx_word' id='word_1_487' title='bbox 620 2057 658 2084; x_wconf 82' lang='lat'><strong>3.).</strong></span> <span class='ocrx_word' id='word_1_488' title='bbox 670 2057 742 2078; x_wconf 82' lang='lat' dir='ltr'><em>—De</em></span> <span class='ocrx_word' id='word_1_489' title='bbox 757 2058 865 2079; x_wconf 78' lang='lat' dir='ltr'><em>sententia</em></span> <span class='ocrx_word' id='word_1_490' title='bbox 884 2058 972 2079; x_wconf 83' lang='lat' dir='ltr'><em>Henrici</em></span> <span class='ocrx_word' id='word_1_491' title='bbox 1001 2077 1002 2080; x_wconf 74' lang='grc'>,</span> 
     </span>
    </p>
   </div>
   <div class='ocr_carea' id='block_1_16' title="bbox 999 1395 1005 2076">
    <p class='ocr_par' dir='ltr' id='par_1_21' title="bbox 999 1395 1005 2076">
     <span class='ocr_line' id='line_1_67' title="bbox 999 1395 1005 2076; baseline 0 0"><span class='ocrx_word' id='word_1_492' title='bbox 999 1395 1005 2076; x_wconf 95' lang='lat' dir='ltr'><em> </em></span> 
     </span>
    </p>
   </div>
   <div class='ocr_carea' id='block_1_17' title="bbox 1027 1392 1873 2046">
    <p class='ocr_par' dir='ltr' id='par_1_22' title="bbox 1027 1392 1871 1501">
     <span class='ocr_line' id='line_1_68' title="bbox 1027 1392 1871 1423; baseline 0.004 -10"><span class='ocrx_word' id='word_1_493' title='bbox 1027 1392 1098 1414; x_wconf 81' lang='lat' dir='ltr'><em>Gand.</em></span> <span class='ocrx_word' id='word_1_494' title='bbox 1112 1393 1267 1421; x_wconf 77' lang='lat' dir='ltr'><em>aliorumque,</em></span> <span class='ocrx_word' id='word_1_495' title='bbox 1280 1393 1343 1421; x_wconf 84' lang='lat' dir='ltr'><em>quod</em></span> <span class='ocrx_word' id='word_1_496' title='bbox 1354 1393 1416 1415; x_wconf 83' lang='lat' dir='ltr'><em>Deus</em></span> <span class='ocrx_word' id='word_1_497' title='bbox 1433 1393 1537 1416; x_wconf 74' lang='lat' dir='ltr'><em>essentiis</em></span> <span class='ocrx_word' id='word_1_498' title='bbox 1550 1400 1626 1416; x_wconf 80' lang='lat' dir='ltr'><em>rerum</em></span> <span class='ocrx_word' id='word_1_499' title='bbox 1640 1395 1732 1423; x_wconf 82' lang='lat' dir='ltr'><em>aliquod</em></span> <span class='ocrx_word' id='word_1_500' title='bbox 1746 1401 1796 1417; x_wconf 73' lang='lat' dir='ltr'><em>esse</em></span> <span class='ocrx_word' id='word_1_501' title='bbox 1808 1395 1871 1417; x_wconf 80' lang='lat' dir='ltr'><em>Intel-</em></span> 
     </span>
     <span class='ocr_line' id='line_1_69' title="bbox 1027 1431 1871 1461; baseline 0.005 -9"><span class='ocrx_word' id='word_1_502' title='bbox 1027 1431 1113 1459; x_wconf 82' lang='lat' dir='ltr'><em>ligibile</em></span> <span class='ocrx_word' id='word_1_503' title='bbox 1129 1431 1158 1453; x_wconf 84' lang='lat' dir='ltr'><em>ab</em></span> <span class='ocrx_word' id='word_1_504' title='bbox 1176 1435 1267 1454; x_wconf 75' lang='lat' dir='ltr'><em>aeterno</em></span> <span class='ocrx_word' id='word_1_505' title='bbox 1285 1433 1501 1461; x_wconf 68' lang='lat' dir='ltr'><em>communicaverit,</em></span> <span class='ocrx_word' id='word_1_506' title='bbox 1520 1433 1581 1455; x_wconf 79' lang='lat' dir='ltr'><em>etde</em></span> <span class='ocrx_word' id='word_1_507' title='bbox 1599 1439 1647 1456; x_wconf 76' lang='lat' dir='ltr'><em>esse</em></span> <span class='ocrx_word' id='word_1_508' title='bbox 1658 1433 1773 1456; x_wconf 77' lang='lat' dir='ltr'><em>‹Hminuto</em></span> <span class='ocrx_word' id='word_1_509' title='bbox 1791 1440 1871 1456; x_wconf 81' lang='lat' dir='ltr'><em>secun-</em></span> 
     </span>
     <span class='ocr_line' id='line_1_70' title="bbox 1028 1469 1750 1501; baseline 0.004 -10"><span class='ocrx_word' id='word_1_510' title='bbox 1028 1469 1084 1492; x_wconf 88' lang='lat' dir='ltr'><em>dum</em></span> <span class='ocrx_word' id='word_1_511' title='bbox 1097 1470 1223 1492; x_wconf 78' lang='lat' dir='ltr'><em>doctrinam</em></span> <span class='ocrx_word' id='word_1_512' title='bbox 1241 1471 1301 1493; x_wconf 82' lang='lat' dir='ltr'><em>Scoti</em></span> <span class='ocrx_word' id='word_1_513' title='bbox 1318 1472 1357 1493; x_wconf 82' lang='lat' dir='ltr'><em>osr.</em></span> <span class='ocrx_word' id='word_1_514' title='bbox 1375 1478 1444 1499; x_wconf 75' lang='lat' dir='ltr'><em>supra</em></span> <span class='ocrx_word' id='word_1_515' title='bbox 1463 1472 1485 1494; x_wconf 79' lang='lat' dir='ltr'><em>si.</em></span> <span class='ocrx_word' id='word_1_516' title='bbox 1504 1472 1540 1494; x_wconf 58' lang='grc' dir='ltr'><em>35Δ</em></span> <span class='ocrx_word' id='word_1_517' title='bbox 1558 1479 1580 1501; x_wconf 91' lang='lat' dir='ltr'><em>q.</em></span> <span class='ocrx_word' id='word_1_518' title='bbox 1603 1473 1619 1494; x_wconf 90' lang='grc'><em>1,</em></span> <span class='ocrx_word' id='word_1_519' title='bbox 1637 1472 1750 1494; x_wconf 79' lang='lat' dir='ltr'><em>Scholion.</em></span> 
     </span>
    </p>

    <p class='ocr_par' dir='ltr' id='par_1_23' title="bbox 1028 1509 1873 1773">
     <span class='ocr_line' id='line_1_71' title="bbox 1093 1509 1870 1539; baseline 0.004 -9"><span class='ocrx_word' id='word_1_520' title='bbox 1093 1509 1114 1531; x_wconf 92' lang='lat' dir='ltr'><em>ll.</em></span> <span class='ocrx_word' id='word_1_521' title='bbox 1133 1509 1228 1531; x_wconf 85' lang='lat' dir='ltr'><em>Duobus</em></span> <span class='ocrx_word' id='word_1_522' title='bbox 1242 1510 1328 1538; x_wconf 78' lang='lat' dir='ltr'><em>modis,</em></span> <span class='ocrx_word' id='word_1_523' title='bbox 1342 1510 1426 1539; x_wconf 80' lang='lat' dir='ltr'><em>quibus</em></span> <span class='ocrx_word' id='word_1_524' title='bbox 1443 1517 1480 1533; x_wconf 80' lang='lat' dir='ltr'><em>res</em></span> <span class='ocrx_word' id='word_1_525' title='bbox 1492 1513 1544 1533; x_wconf 86' lang='lat' dir='ltr'><em>sunt</em></span> <span class='ocrx_word' id='word_1_526' title='bbox 1560 1512 1582 1533; x_wconf 90' lang='lat' dir='ltr'><em>in</em></span> <span class='ocrx_word' id='word_1_527' title='bbox 1596 1512 1652 1539; x_wconf 76' lang='lat' dir='ltr'><em>Deo,</em></span> <span class='ocrx_word' id='word_1_528' title='bbox 1671 1512 1717 1533; x_wconf 82' lang='lat' dir='ltr'><em>scil.</em></span> <span class='ocrx_word' id='word_1_529' title='bbox 1730 1514 1755 1533; x_wconf 88' lang='lat' dir='ltr'><em>ut</em></span> <span class='ocrx_word' id='word_1_530' title='bbox 1769 1512 1790 1533; x_wconf 92' lang='lat' dir='ltr'><em>in</em></span> <span class='ocrx_word' id='word_1_531' title='bbox 1804 1517 1870 1534; x_wconf 82' lang='lat' dir='ltr'><em>causa</em></span> 
     </span>
     <span class='ocr_line' id='line_1_72' title="bbox 1029 1549 1872 1580; baseline 0.004 -10"><span class='ocrx_word' id='word_1_532' title='bbox 1029 1549 1153 1575; x_wconf 76' lang='lat' dir='ltr'><em>exemplari</em></span> <span class='ocrx_word' id='word_1_533' title='bbox 1170 1552 1191 1570; x_wconf 84' lang='lat' dir='ltr'><em>et</em></span> <span class='ocrx_word' id='word_1_534' title='bbox 1208 1549 1329 1577; x_wconf 77' lang='lat' dir='ltr'><em>efficiente,</em></span> <span class='ocrx_word' id='word_1_535' title='bbox 1348 1549 1469 1571; x_wconf 80' lang='lat' dir='ltr'><em>addendus</em></span> <span class='ocrx_word' id='word_1_536' title='bbox 1486 1552 1519 1571; x_wconf 85' lang='lat' dir='ltr'><em>est</em></span> <span class='ocrx_word' id='word_1_537' title='bbox 1536 1550 1615 1572; x_wconf 81' lang='lat' dir='ltr'><em>tertius</em></span> <span class='ocrx_word' id='word_1_538' title='bbox 1634 1550 1658 1579; x_wconf 86' lang='lat'><em>(«</em></span> <span class='ocrx_word' id='word_1_539' title='bbox 1677 1553 1700 1572; x_wconf 90' lang='lat' dir='ltr'><em>ut</em></span> <span class='ocrx_word' id='word_1_540' title='bbox 1717 1551 1738 1572; x_wconf 92' lang='lat' dir='ltr'><em>in</em></span> <span class='ocrx_word' id='word_1_541' title='bbox 1756 1550 1802 1580; x_wconf 76' lang='lat' dir='ltr'><em>fine</em></span> <span class='ocrx_word' id='word_1_542' title='bbox 1819 1557 1872 1573; x_wconf 83' lang='lat' dir='ltr'><em>con-</em></span> 
     </span>
     <span class='ocr_line' id='line_1_73' title="bbox 1029 1588 1872 1617; baseline 0.002 -7"><span class='ocrx_word' id='word_1_543' title='bbox 1029 1591 1134 1611; x_wconf 72' lang='lat' dir='ltr'><em>servante</em></span> <span class='ocrx_word' id='word_1_544' title='bbox 1147 1588 1175 1617; x_wconf 81' lang='lat'><em>»)</em></span> <span class='ocrx_word' id='word_1_545' title='bbox 1200 1594 1226 1610; x_wconf 81' lang='lat' dir='ltr'><em>ex</em></span> <span class='ocrx_word' id='word_1_546' title='bbox 1248 1594 1267 1610; x_wconf 70' lang='lat' dir='ltr'><strong>a.</strong></span> <span class='ocrx_word' id='word_1_547' title='bbox 1286 1589 1306 1610; x_wconf 77' lang='lat'><em>2.</em></span> <span class='ocrx_word' id='word_1_548' title='bbox 1329 1595 1351 1617; x_wconf 88' lang='lat' dir='ltr'><em>q.</em></span> <span class='ocrx_word' id='word_1_549' title='bbox 1370 1589 1390 1610; x_wconf 45' lang='lat' dir='ltr'><em>fl.</em></span> <span class='ocrx_word' id='word_1_550' title='bbox 1414 1590 1481 1611; x_wconf 82' lang='lat' dir='ltr'><em>liuius</em></span> <span class='ocrx_word' id='word_1_551' title='bbox 1499 1589 1549 1611; x_wconf 90' lang='lat' dir='ltr'><em>dist.</em></span> <span class='ocrx_word' id='word_1_552' title='bbox 1568 1602 1598 1605; x_wconf 88' lang='lat'><em>—-</em></span> <span class='ocrx_word' id='word_1_553' title='bbox 1614 1590 1781 1617; x_wconf 81' lang='lat' dir='ltr'><em>Argumentum</em></span> <span class='ocrx_word' id='word_1_554' title='bbox 1799 1590 1819 1612; x_wconf 73' lang='lat'><em>4.</em></span> <span class='ocrx_word' id='word_1_555' title='bbox 1843 1590 1872 1612; x_wconf 82' lang='lat' dir='ltr'><em>ad</em></span> 
     </span>
     <span class='ocr_line' id='line_1_74' title="bbox 1029 1628 1873 1657; baseline 0.004 -8"><span class='ocrx_word' id='word_1_556' title='bbox 1029 1628 1128 1656; x_wconf 82' lang='lat' dir='ltr'><em>opposit.</em></span> <span class='ocrx_word' id='word_1_557' title='bbox 1146 1628 1201 1650; x_wconf 76' lang='lat' dir='ltr'><em>salse</em></span> <span class='ocrx_word' id='word_1_558' title='bbox 1219 1628 1318 1655; x_wconf 84' lang='lat' dir='ltr'><em>applicat</em></span> <span class='ocrx_word' id='word_1_559' title='bbox 1334 1629 1486 1656; x_wconf 80' lang='lat' dir='ltr'><em>principium⁷</em></span> <span class='ocrx_word' id='word_1_560' title='bbox 1504 1635 1516 1651; x_wconf 83' lang='lat' dir='ltr'><em>a</em></span> <span class='ocrx_word' id='word_1_561' title='bbox 1535 1630 1659 1657; x_wconf 78' lang='lat' dir='ltr'><em>Serapliico</em></span> <span class='ocrx_word' id='word_1_562' title='bbox 1676 1629 1771 1652; x_wconf 85' lang='lat' dir='ltr'><em>firmiter</em></span> <span class='ocrx_word' id='word_1_563' title='bbox 1787 1629 1873 1652; x_wconf 81' lang='lat' dir='ltr'><em>stabili-</em></span> 
     </span>
     <span class='ocr_line' id='line_1_75' title="bbox 1029 1666 1870 1697; baseline 0.002 -8"><span class='ocrx_word' id='word_1_564' title='bbox 1029 1669 1088 1695; x_wconf 85' lang='lat' dir='ltr'><em>tum,</em></span> <span class='ocrx_word' id='word_1_565' title='bbox 1101 1668 1148 1689; x_wconf 78' lang='lat' dir='ltr'><em>scil.</em></span> <span class='ocrx_word' id='word_1_566' title='bbox 1161 1668 1298 1689; x_wconf 78' lang='lat' dir='ltr'><em>creationem</em></span> <span class='ocrx_word' id='word_1_567' title='bbox 1310 1666 1339 1689; x_wconf 88' lang='lat' dir='ltr'><em>ab</em></span> <span class='ocrx_word' id='word_1_568' title='bbox 1352 1670 1443 1689; x_wconf 84' lang='lat' dir='ltr'><em>aeterno</em></span> <span class='ocrx_word' id='word_1_569' title='bbox 1461 1670 1512 1690; x_wconf 81' lang='lat' dir='ltr'><em>actu</em></span> <span class='ocrx_word' id='word_1_570' title='bbox 1530 1668 1611 1690; x_wconf 83' lang='lat' dir='ltr'><em>tactam</em></span> <span class='ocrx_word' id='word_1_571' title='bbox 1629 1675 1679 1691; x_wconf 76' lang='lat' dir='ltr'><em>csse</em></span> <span class='ocrx_word' id='word_1_572' title='bbox 1697 1668 1870 1697; x_wconf 86' lang='lat' dir='ltr'><em>impossibilem.</em></span> 
     </span>
     <span class='ocr_line' id='line_1_76' title="bbox 1028 1706 1871 1736; baseline 0.002 -9"><span class='ocrx_word' id='word_1_573' title='bbox 1028 1706 1060 1728; x_wconf 89' lang='lat' dir='ltr'><em>De</em></span> <span class='ocrx_word' id='word_1_574' title='bbox 1079 1707 1120 1728; x_wconf 83' lang='lat' dir='ltr'><em>liae</em></span> <span class='ocrx_word' id='word_1_575' title='bbox 1137 1706 1245 1728; x_wconf 73' lang='lat' dir='ltr'><em>sententia</em></span> <span class='ocrx_word' id='word_1_576' title='bbox 1263 1706 1302 1728; x_wconf 78' lang='lat' dir='ltr'><strong>cfr.</strong></span> <span class='ocrx_word' id='word_1_577' title='bbox 1321 1706 1343 1728; x_wconf 87' lang='lat' dir='ltr'><em>ll.</em></span> <span class='ocrx_word' id='word_1_578' title='bbox 1362 1706 1422 1728; x_wconf 69' lang='lat' dir='ltr'><em>Seni.</em></span> <span class='ocrx_word' id='word_1_579' title='bbox 1441 1706 1462 1728; x_wconf 90' lang='lat' dir='ltr'><strong>d.</strong></span> <span class='ocrx_word' id='word_1_580' title='bbox 1486 1707 1502 1728; x_wconf 90' lang='grc'><em>1.</em></span> <span class='ocrx_word' id='word_1_581' title='bbox 1515 1713 1536 1734; x_wconf 89' lang='lat' dir='ltr'><em>p.</em></span> <span class='ocrx_word' id='word_1_582' title='bbox 1556 1707 1569 1728; x_wconf 85' lang='grc' dir='ltr'><em>Ι.</em></span> <span class='ocrx_word' id='word_1_583' title='bbox 1588 1713 1607 1729; x_wconf 83' lang='lat' dir='ltr'><strong>a.</strong></span> <span class='ocrx_word' id='word_1_584' title='bbox 1631 1707 1647 1729; x_wconf 96' lang='grc' dir='ltr'><em>Ι.</em></span> <span class='ocrx_word' id='word_1_585' title='bbox 1665 1714 1687 1736; x_wconf 88' lang='lat' dir='ltr'><em>q.</em></span> <span class='ocrx_word' id='word_1_586' title='bbox 1701 1708 1722 1735; x_wconf 76' lang='lat'><em>⁴2,</em></span> <span class='ocrx_word' id='word_1_587' title='bbox 1740 1709 1761 1729; x_wconf 83' lang='lat' dir='ltr'><em>et</em></span> <span class='ocrx_word' id='word_1_588' title='bbox 1778 1708 1792 1729; x_wconf 90' lang='lat' dir='ltr'><em>l.</em></span> <span class='ocrx_word' id='word_1_589' title='bbox 1811 1708 1871 1729; x_wconf 78' lang='lat' dir='ltr'><em>Seni.</em></span> 
     </span>
     <span class='ocr_line' id='line_1_77' title="bbox 1030 1744 1185 1773; baseline 0 -7"><span class='ocrx_word' id='word_1_590' title='bbox 1030 1744 1051 1766; x_wconf 83' lang='lat' dir='ltr'><em>(l.</em></span> <span class='ocrx_word' id='word_1_591' title='bbox 1070 1744 1105 1766; x_wconf 78' lang='lat'><em>43.</em></span> <span class='ocrx_word' id='word_1_592' title='bbox 1124 1751 1146 1773; x_wconf 88' lang='lat' dir='ltr'><em>q.</em></span> <span class='ocrx_word' id='word_1_593' title='bbox 1165 1745 1185 1766; x_wconf 84' lang='lat'><em>3.</em></span> 
     </span>
    </p>

    <p class='ocr_par' dir='ltr' id='par_1_24' title="bbox 1029 1784 1873 2046">
     <span class='ocr_line' id='line_1_78' title="bbox 1093 1784 1871 1813; baseline 0.003 -8"><span class='ocrx_word' id='word_1_594' title='bbox 1093 1784 1124 1806; x_wconf 83' lang='lat' dir='ltr'><em>ill.</em></span> <span class='ocrx_word' id='word_1_595' title='bbox 1142 1784 1202 1805; x_wconf 78' lang='lat' dir='ltr'><em>Alex.</em></span> <span class='ocrx_word' id='word_1_596' title='bbox 1221 1784 1276 1811; x_wconf 73' lang='lat' dir='ltr'><em>Hal,</em></span> <span class='ocrx_word' id='word_1_597' title='bbox 1294 1784 1315 1805; x_wconf 85' lang='lat' dir='ltr'><em>S.</em></span> <span class='ocrx_word' id='word_1_598' title='bbox 1333 1790 1356 1811; x_wconf 88' lang='lat' dir='ltr'><em>p.</em></span> <span class='ocrx_word' id='word_1_599' title='bbox 1374 1784 1388 1805; x_wconf 95' lang='grc' dir='ltr'><em>Ι.</em></span> <span class='ocrx_word' id='word_1_600' title='bbox 1407 1790 1428 1812; x_wconf 88' lang='lat' dir='ltr'><em>q.</em></span> <span class='ocrx_word' id='word_1_601' title='bbox 1447 1784 1482 1806; x_wconf 74' lang='lat'><em>23.</em></span> <span class='ocrx_word' id='word_1_602' title='bbox 1501 1790 1532 1806; x_wconf 85' lang='lat' dir='ltr'><em>m.</em></span> <span class='ocrx_word' id='word_1_603' title='bbox 1545 1784 1565 1806; x_wconf 76' lang='grc'><em>4.</em></span> <span class='ocrx_word' id='word_1_604' title='bbox 1584 1791 1603 1806; x_wconf 84' lang='lat' dir='ltr'><em>a.</em></span> <span class='ocrx_word' id='word_1_605' title='bbox 1627 1785 1643 1807; x_wconf 91' lang='lat' dir='ltr'><em>l.</em></span> <span class='ocrx_word' id='word_1_606' title='bbox 1661 1785 1674 1813; x_wconf 60' lang='grc' dir='ltr'>Ξ</span> <span class='ocrx_word' id='word_1_607' title='bbox 1692 1785 1713 1807; x_wconf 83' lang='lat'><em>5.</em></span> <span class='ocrx_word' id='word_1_608' title='bbox 1732 1785 1752 1807; x_wconf 86' lang='lat'><em>6.</em></span> <span class='ocrx_word' id='word_1_609' title='bbox 1765 1786 1871 1813; x_wconf 78' lang='lat' dir='ltr'><em>—Scot.,</em></span> 
     </span>
     <span class='ocr_line' id='line_1_79' title="bbox 1030 1823 1871 1853; baseline 0.002 -9"><span class='ocrx_word' id='word_1_610' title='bbox 1030 1824 1065 1845; x_wconf 81' lang='lat' dir='ltr'><em>liic</em></span> <span class='ocrx_word' id='word_1_611' title='bbox 1082 1829 1104 1851; x_wconf 91' lang='lat' dir='ltr'><em>q.</em></span> <span class='ocrx_word' id='word_1_612' title='bbox 1122 1824 1195 1845; x_wconf 66' lang='lat' dir='ltr'><em>uniCti.</em></span> <span class='ocrx_word' id='word_1_613' title='bbox 1208 1823 1270 1844; x_wconf 82' lang='lat' dir='ltr'><em>—S.</em></span> <span class='ocrx_word' id='word_1_614' title='bbox 1288 1823 1379 1851; x_wconf 56' lang='lat' dir='ltr'><em>Tliom„</em></span> <span class='ocrx_word' id='word_1_615' title='bbox 1397 1824 1433 1845; x_wconf 76' lang='lat' dir='ltr'><em>hic</em></span> <span class='ocrx_word' id='word_1_616' title='bbox 1450 1830 1472 1852; x_wconf 87' lang='lat' dir='ltr'><em>q.</em></span> <span class='ocrx_word' id='word_1_617' title='bbox 1496 1824 1512 1845; x_wconf 91' lang='grc' dir='ltr'><em>Ι.</em></span> <span class='ocrx_word' id='word_1_618' title='bbox 1526 1830 1545 1846; x_wconf 80' lang='lat' dir='ltr'><strong>a.</strong></span> <span class='ocrx_word' id='word_1_619' title='bbox 1564 1825 1592 1852; x_wconf 70' lang='lat'><em>33</em></span> <span class='ocrx_word' id='word_1_620' title='bbox 1611 1825 1633 1846; x_wconf 83' lang='lat' dir='ltr'><em>S.</em></span> <span class='ocrx_word' id='word_1_621' title='bbox 1646 1825 1660 1845; x_wconf 90' lang='lat' dir='ltr'><em>l.</em></span> <span class='ocrx_word' id='word_1_622' title='bbox 1679 1831 1700 1853; x_wconf 85' lang='lat' dir='ltr'><em>q.</em></span> <span class='ocrx_word' id='word_1_623' title='bbox 1718 1825 1749 1846; x_wconf 84' lang='lat'><em>18.</em></span> <span class='ocrx_word' id='word_1_624' title='bbox 1768 1831 1786 1846; x_wconf 83' lang='lat' dir='ltr'><em>a.</em></span> <span class='ocrx_word' id='word_1_625' title='bbox 1806 1824 1825 1846; x_wconf 72' lang='grc' dir='ltr'><em>Ιι.</em></span> <span class='ocrx_word' id='word_1_626' title='bbox 1844 1825 1871 1847; x_wconf 84' lang='lat' dir='ltr'><em>ad</em></span> 
     </span>
     <span class='ocr_line' id='line_1_80' title="bbox 1034 1861 1872 1892; baseline 0.004 -10"><span class='ocrx_word' id='word_1_627' title='bbox 1034 1862 1050 1883; x_wconf 89' lang='lat' dir='ltr'><em>l.</em></span> <span class='ocrx_word' id='word_1_628' title='bbox 1063 1873 1094 1877; x_wconf 90' lang='lat'>—</span> <span class='ocrx_word' id='word_1_629' title='bbox 1106 1861 1129 1883; x_wconf 89' lang='lat' dir='ltr'><em>B.</em></span> <span class='ocrx_word' id='word_1_630' title='bbox 1147 1861 1239 1889; x_wconf 57' lang='lat' dir='ltr'><em>Athen„</em></span> <span class='ocrx_word' id='word_1_631' title='bbox 1257 1863 1292 1883; x_wconf 78' lang='lat' dir='ltr'><em>liic</em></span> <span class='ocrx_word' id='word_1_632' title='bbox 1305 1868 1324 1883; x_wconf 84' lang='lat' dir='ltr'><em>a.</em></span> <span class='ocrx_word' id='word_1_633' title='bbox 1347 1862 1363 1883; x_wconf 90' lang='grc'><em>1.</em></span> <span class='ocrx_word' id='word_1_634' title='bbox 1383 1863 1411 1890; x_wconf 71' lang='grc'><em>2;</em></span> <span class='ocrx_word' id='word_1_635' title='bbox 1428 1863 1450 1884; x_wconf 76' lang='lat' dir='ltr'><em>S.</em></span> <span class='ocrx_word' id='word_1_636' title='bbox 1463 1869 1485 1890; x_wconf 87' lang='lat' dir='ltr'><em>p.</em></span> <span class='ocrx_word' id='word_1_637' title='bbox 1503 1863 1516 1885; x_wconf 88' lang='grc'><em>1.</em></span> <span class='ocrx_word' id='word_1_638' title='bbox 1534 1865 1560 1885; x_wconf 86' lang='lat' dir='ltr'><em>tr.</em></span> <span class='ocrx_word' id='word_1_639' title='bbox 1582 1863 1614 1885; x_wconf 79' lang='lat'><em>15.</em></span> <span class='ocrx_word' id='word_1_640' title='bbox 1632 1870 1654 1892; x_wconf 89' lang='lat' dir='ltr'><strong>q.</strong></span> <span class='ocrx_word' id='word_1_641' title='bbox 1672 1864 1708 1885; x_wconf 77' lang='lat'><em>60.</em></span> <span class='ocrx_word' id='word_1_642' title='bbox 1727 1870 1757 1886; x_wconf 86' lang='lat' dir='ltr'><em>m.</em></span> <span class='ocrx_word' id='word_1_643' title='bbox 1776 1863 1795 1885; x_wconf 73' lang='lat'><em>4..</em></span> <span class='ocrx_word' id='word_1_644' title='bbox 1814 1870 1833 1886; x_wconf 83' lang='lat' dir='ltr'><em>a.</em></span> <span class='ocrx_word' id='word_1_645' title='bbox 1853 1865 1872 1886; x_wconf 57' lang='lat' dir='ltr'><em>«l.</em></span> 
     </span>
     <span class='ocr_line' id='line_1_81' title="bbox 1029 1896 1873 1931; baseline 0.004 -9"><span class='ocrx_word' id='word_1_646' title='bbox 1029 1902 1109 1929; x_wconf 85' lang='lat' dir='ltr'><em>partic.</em></span> <span class='ocrx_word' id='word_1_647' title='bbox 1132 1901 1149 1923; x_wconf 92' lang='lat' dir='ltr'><em>l.</em></span> <span class='ocrx_word' id='word_1_648' title='bbox 1165 1913 1197 1917; x_wconf 95' lang='lat'>—</span> <span class='ocrx_word' id='word_1_649' title='bbox 1215 1901 1271 1923; x_wconf 77' lang='lat' dir='ltr'><em>Deir.</em></span> <span class='ocrx_word' id='word_1_650' title='bbox 1290 1908 1301 1922; x_wconf 76' lang='lat' dir='ltr'><em>a</em></span> <span class='ocrx_word' id='word_1_651' title='bbox 1321 1896 1436 1929; x_wconf 41' lang='lat' dir='ltr'><em>Talusln&#39;c</em></span> <span class='ocrx_word' id='word_1_652' title='bbox 1453 1908 1472 1924; x_wconf 80' lang='lat' dir='ltr'><em>a.</em></span> <span class='ocrx_word' id='word_1_653' title='bbox 1495 1903 1512 1924; x_wconf 94' lang='grc'><em>1.</em></span> <span class='ocrx_word' id='word_1_654' title='bbox 1533 1909 1554 1931; x_wconf 91' lang='lat' dir='ltr'><em>q.</em></span> <span class='ocrx_word' id='word_1_655' title='bbox 1578 1903 1593 1924; x_wconf 98' lang='grc'><em>1.</em></span> <span class='ocrx_word' id='word_1_656' title='bbox 1606 1915 1638 1919; x_wconf 92' lang='grc'>-</span> <span class='ocrx_word' id='word_1_657' title='bbox 1654 1903 1759 1925; x_wconf 75' lang='lat' dir='ltr'><em>Richard.</em></span> <span class='ocrx_word' id='word_1_658' title='bbox 1778 1910 1788 1925; x_wconf 81' lang='lat' dir='ltr'><em>a</em></span> <span class='ocrx_word' id='word_1_659' title='bbox 1808 1903 1873 1929; x_wconf 70' lang='lat' dir='ltr'><em>Med..</em></span> 
     </span>
     <span class='ocr_line' id='line_1_82' title="bbox 1030 1940 1872 1970; baseline 0.004 -9"><span class='ocrx_word' id='word_1_660' title='bbox 1030 1941 1065 1962; x_wconf 78' lang='lat' dir='ltr'><em>liic</em></span> <span class='ocrx_word' id='word_1_661' title='bbox 1083 1946 1102 1962; x_wconf 75' lang='lat' dir='ltr'><em>a.</em></span> <span class='ocrx_word' id='word_1_662' title='bbox 1125 1940 1141 1962; x_wconf 89' lang='lat' dir='ltr'><em>l.</em></span> <span class='ocrx_word' id='word_1_663' title='bbox 1160 1946 1182 1968; x_wconf 91' lang='lat' dir='ltr'><em>q.</em></span> <span class='ocrx_word' id='word_1_664' title='bbox 1200 1940 1225 1968; x_wconf 83' lang='lat'><em>3,</em></span> <span class='ocrx_word' id='word_1_665' title='bbox 1248 1943 1270 1962; x_wconf 86' lang='lat' dir='ltr'><em>et</em></span> <span class='ocrx_word' id='word_1_666' title='bbox 1286 1940 1308 1962; x_wconf 93' lang='lat' dir='ltr'><em>d.</em></span> <span class='ocrx_word' id='word_1_667' title='bbox 1330 1940 1365 1962; x_wconf 75' lang='lat'><em>35.</em></span> <span class='ocrx_word' id='word_1_668' title='bbox 1384 1947 1406 1969; x_wconf 90' lang='lat' dir='ltr'><em>q.</em></span> <span class='ocrx_word' id='word_1_669' title='bbox 1425 1941 1445 1962; x_wconf 72' lang='grc' dir='ltr'><em>ὃ.</em></span> <span class='ocrx_word' id='word_1_670' title='bbox 1462 1953 1494 1957; x_wconf 90' lang='grc'><strong>-</strong></span> <span class='ocrx_word' id='word_1_671' title='bbox 1514 1942 1587 1969; x_wconf 58' lang='grc' dir='ltr'>,Εςίῖῖ</span> <span class='ocrx_word' id='word_1_672' title='bbox 1612 1942 1643 1969; x_wconf 62' lang='lat' dir='ltr'><em>R„</em></span> <span class='ocrx_word' id='word_1_673' title='bbox 1663 1943 1698 1964; x_wconf 80' lang='lat' dir='ltr'><em>liic</em></span> <span class='ocrx_word' id='word_1_674' title='bbox 1721 1943 1736 1964; x_wconf 92' lang='grc' dir='ltr'><em>Ι.</em></span> <span class='ocrx_word' id='word_1_675' title='bbox 1756 1943 1827 1970; x_wconf 75' lang='lat' dir='ltr'><em>princ.</em></span> <span class='ocrx_word' id='word_1_676' title='bbox 1851 1949 1872 1970; x_wconf 89' lang='lat' dir='ltr'><em>q.</em></span> 
     </span>
     <span class='ocr_line' id='line_1_83' title="bbox 1030 1979 1872 2010; baseline 0.004 -10"><span class='ocrx_word' id='word_1_677' title='bbox 1030 1979 1260 2003; x_wconf 61' lang='lat' dir='ltr'><em>unica—Duram..</em></span> <span class='ocrx_word' id='word_1_678' title='bbox 1279 1980 1315 2001; x_wconf 79' lang='lat' dir='ltr'><em>hic</em></span> <span class='ocrx_word' id='word_1_679' title='bbox 1332 1986 1354 2007; x_wconf 88' lang='lat' dir='ltr'><em>q.</em></span> <span class='ocrx_word' id='word_1_680' title='bbox 1371 1980 1391 2001; x_wconf 75' lang='lat'><em>2.</em></span> <span class='ocrx_word' id='word_1_681' title='bbox 1402 1980 1534 2008; x_wconf 60' lang='lat' dir='ltr'><em>——Dionys</em></span> <span class='ocrx_word' id='word_1_682' title='bbox 1552 1980 1634 2009; x_wconf 68' lang='lat' dir='ltr'><em>Carth..</em></span> <span class='ocrx_word' id='word_1_683' title='bbox 1653 1982 1689 2003; x_wconf 78' lang='lat' dir='ltr'><em>hic·</em></span> <span class='ocrx_word' id='word_1_684' title='bbox 1706 1988 1727 2010; x_wconf 87' lang='lat' dir='ltr'><em>q.</em></span> <span class='ocrx_word' id='word_1_685' title='bbox 1744 1981 1804 2003; x_wconf 66' lang='lat' dir='ltr'><em>fi.—</em></span> <span class='ocrx_word' id='word_1_686' title='bbox 1816 1982 1872 2004; x_wconf 87' lang='lat' dir='ltr'><em>Biel.</em></span> 
     </span>
     <span class='ocr_line' id='line_1_84' title="bbox 1030 2019 1196 2046; baseline 0 -7"><span class='ocrx_word' id='word_1_687' title='bbox 1030 2019 1066 2040; x_wconf 80' lang='lat' dir='ltr'><em>liic.</em></span> <span class='ocrx_word' id='word_1_688' title='bbox 1083 2025 1105 2046; x_wconf 92' lang='lat' dir='ltr'><em>q.</em></span> <span class='ocrx_word' id='word_1_689' title='bbox 1124 2019 1196 2040; x_wconf 74' lang='lat' dir='ltr'><em>unica.</em></span> 
     </span>
    </p>
   </div>
   <div class='ocr_carea' id='block_1_18' title="bbox 896 2181 1108 2217">
    <p class='ocr_par' dir='ltr' id='par_1_25' title="bbox 896 2181 1108 2217">
     <span class='ocr_line' id='line_1_85' title="bbox 896 2181 1108 2217; baseline 0 -8"><span class='ocrx_word' id='word_1_690' title='bbox 896 2181 1058 2217; x_wconf 76' lang='lat' dir='ltr'><em>QUAEsno</em></span> <span class='ocrx_word' id='word_1_691' title='bbox 1080 2182 1108 2209; x_wconf 88' lang='lat'><em>11.</em></span> 
     </span>
    </p>
   </div>
   <div class='ocr_carea' id='block_1_19' title="bbox 542 2279 1470 2318">
    <p class='ocr_par' dir='ltr' id='par_1_26' title="bbox 542 2279 1470 2318">
     <span class='ocr_line' id='line_1_86' title="bbox 542 2279 1470 2318; baseline 0.002 -11"><span class='ocrx_word' id='word_1_692' title='bbox 542 2279 646 2307; x_wconf 76' lang='lat' dir='ltr'><em>Utrum</em></span> <span class='ocrx_word' id='word_1_693' title='bbox 668 2288 715 2307; x_wconf 66' lang='lat' dir='ltr'><em>res</em></span> <span class='ocrx_word' id='word_1_694' title='bbox 735 2280 795 2308; x_wconf 79' lang='lat' dir='ltr'><em>sint</em></span> <span class='ocrx_word' id='word_1_695' title='bbox 816 2279 845 2307; x_wconf 76' lang='lat' dir='ltr'><em>in</em></span> <span class='ocrx_word' id='word_1_696' title='bbox 871 2279 925 2307; x_wconf 79' lang='lat' dir='ltr'><em>Deo</em></span> <span class='ocrx_word' id='word_1_697' title='bbox 947 2280 1061 2308; x_wconf 65' lang='lat' dir='ltr'><em>ratiove</em></span> <span class='ocrx_word' id='word_1_698' title='bbox 1082 2280 1236 2313; x_wconf 76' lang='lat' dir='ltr'><em>essentiae,</em></span> <span class='ocrx_word' id='word_1_699' title='bbox 1259 2281 1301 2309; x_wconf 65' lang='lat' dir='ltr'><em>tet</em></span> <span class='ocrx_word' id='word_1_700' title='bbox 1318 2289 1470 2318; x_wconf 75' lang='lat' dir='ltr'><em>personae.</em></span> 
     </span>
    </p>
   </div>
   <div class='ocr_carea' id='block_1_20' title="bbox 132 2409 977 2536">
    <p class='ocr_par' dir='ltr' id='par_1_27' title="bbox 132 2409 977 2536">
     <span class='ocr_line' id='line_1_87' title="bbox 211 2409 977 2446; baseline 0.005 -10"><span class='ocrx_word' id='word_1_701' title='bbox 211 2409 338 2437; x_wconf 74' lang='lat' dir='ltr'><em>Secundo</em></span> <span class='ocrx_word' id='word_1_702' title='bbox 360 2409 513 2446; x_wconf 72' lang='lat' dir='ltr'><em>quaeritur,</em></span> <span class='ocrx_word' id='word_1_703' title='bbox 536 2413 631 2437; x_wconf 89' lang='lat' dir='ltr'><em>utrum</em></span> <span class='ocrx_word' id='word_1_704' title='bbox 654 2417 699 2438; x_wconf 88' lang='lat' dir='ltr'><em>res</em></span> <span class='ocrx_word' id='word_1_705' title='bbox 721 2410 775 2438; x_wconf 85' lang='lat' dir='ltr'><em>sint</em></span> <span class='ocrx_word' id='word_1_706' title='bbox 796 2411 823 2439; x_wconf 93' lang='lat' dir='ltr'><em>in</em></span> <span class='ocrx_word' id='word_1_707' title='bbox 851 2411 907 2440; x_wconf 90' lang='lat' dir='ltr'><em>Deo</em></span> <span class='ocrx_word' id='word_1_708' title='bbox 936 2420 977 2440; x_wconf 82' lang='lat' dir='ltr'><em>ra-</em></span> 
     </span>
     <span class='ocr_line' id='line_1_88' title="bbox 132 2455 977 2494; baseline 0.002 -10"><span class='ocrx_word' id='word_1_709' title='bbox 132 2455 205 2484; x_wconf 87' lang='lat' dir='ltr'><em>tione</em></span> <span class='ocrx_word' id='word_1_710' title='bbox 226 2457 377 2487; x_wconf 63' lang='lat' dir='ltr'><em>essentiae,</em></span> <span class='ocrx_word' id='word_1_711' title='bbox 400 2456 441 2485; x_wconf 71' lang='lat' dir='ltr'><em>vel</em></span> <span class='ocrx_word' id='word_1_712' title='bbox 464 2464 608 2493; x_wconf 83' lang='lat' dir='ltr'><em>personae.</em></span> <span class='ocrx_word' id='word_1_713' title='bbox 631 2457 661 2485; x_wconf 86' lang='lat' dir='ltr'><em>Et</em></span> <span class='ocrx_word' id='word_1_714' title='bbox 675 2457 750 2494; x_wconf 87' lang='lat' dir='ltr'><em>quod</em></span> <span class='ocrx_word' id='word_1_715' title='bbox 766 2458 871 2487; x_wconf 83' lang='lat' dir='ltr'><em>ratione</em></span> <span class='ocrx_word' id='word_1_716' title='bbox 887 2467 977 2486; x_wconf 74' lang='lat' dir='ltr'><em>essen-</em></span> 
     </span>
     <span class='ocr_line' id='line_1_89' title="bbox 132 2501 347 2536; baseline 0 -6"><span class='ocrx_word' id='word_1_717' title='bbox 132 2501 198 2536; x_wconf 84' lang='lat' dir='ltr'><em>tiae,</em></span> <span class='ocrx_word' id='word_1_718' title='bbox 220 2502 347 2531; x_wconf 84' lang='lat' dir='ltr'><em>videtur:</em></span> 
     </span>
    </p>
   </div>
   <div class='ocr_carea' id='block_1_21' title="bbox 1002 2428 1006 2541">
    <p class='ocr_par' dir='ltr' id='par_1_28' title="bbox 1002 2428 1006 2541">
     <span class='ocr_line' id='line_1_90' title="bbox 1002 2428 1006 2541; baseline 0 863"><span class='ocrx_word' id='word_1_719' title='bbox 1002 2428 1006 2541; x_wconf 95' lang='lat' dir='ltr'><em> </em></span> 
     </span>
    </p>
   </div>
   <div class='ocr_carea' id='block_1_22' title="bbox 1032 2412 2013 2544">
    <p class='ocr_par' dir='ltr' id='par_1_29' title="bbox 1032 2412 2013 2544">
     <span class='ocr_line' id='line_1_91' title="bbox 1114 2412 2013 2451; baseline 0.007 -12"><span class='ocrx_word' id='word_1_720' title='bbox 1114 2413 1138 2439; x_wconf 78' lang='lat' dir='ltr'><em>i.</em></span> <span class='ocrx_word' id='word_1_721' title='bbox 1161 2412 1230 2448; x_wconf 79' lang='lat' dir='ltr'><em>Quia</em></span> <span class='ocrx_word' id='word_1_722' title='bbox 1252 2413 1327 2449; x_wconf 83' lang='lat' dir='ltr'><em>quod</em></span> <span class='ocrx_word' id='word_1_723' title='bbox 1354 2413 1424 2441; x_wconf 83' lang='lat' dir='ltr'><em>inest</em></span> <span class='ocrx_word' id='word_1_724' title='bbox 1452 2413 1557 2442; x_wconf 80' lang='lat' dir='ltr'><em>ratione</em></span> <span class='ocrx_word' id='word_1_725' title='bbox 1579 2422 1713 2450; x_wconf 81' lang='lat' dir='ltr'><em>personae</em></span> <span class='ocrx_word' id='word_1_726' title='bbox 1744 2417 1784 2442; x_wconf 84' lang='lat' dir='ltr'><em>est</em></span> <span class='ocrx_word' id='word_1_727' title='bbox 1815 2422 1876 2451; x_wconf 91' lang='lat' dir='ltr'><em>pro·</em></span> <span class='ocrx_word' id='word_1_728' title='bbox 1889 2422 1944 2444; x_wconf 62' lang='lat' dir='ltr'><em>Ami-⁷·</em></span> <span class='ocrx_word' id='word_1_729' title='bbox 1954 2427 1987 2445; x_wconf 71' lang='lat' dir='ltr'><em>pm</em></span> <span class='ocrx_word' id='word_1_730' title='bbox 1998 2421 2013 2438; x_wconf 39' lang='lat'><em>¹*</em></span> 
     </span>
     <span class='ocr_line' id='line_1_92' title="bbox 1032 2447 1959 2496; baseline 0.001 -9"><span class='ocrx_word' id='word_1_731' title='bbox 1032 2459 1146 2496; x_wconf 80' lang='lat' dir='ltr'><em>prium,</em></span> <span class='ocrx_word' id='word_1_732' title='bbox 1169 2460 1243 2496; x_wconf 88' lang='lat' dir='ltr'><em>quod</em></span> <span class='ocrx_word' id='word_1_733' title='bbox 1265 2459 1336 2488; x_wconf 84' lang='lat' dir='ltr'><em>inest</em></span> <span class='ocrx_word' id='word_1_734' title='bbox 1358 2460 1463 2488; x_wconf 83' lang='lat' dir='ltr'><em>ratione</em></span> <span class='ocrx_word' id='word_1_735' title='bbox 1485 2461 1620 2489; x_wconf 78' lang='lat' dir='ltr'><em>essentiae</em></span> <span class='ocrx_word' id='word_1_736' title='bbox 1642 2464 1683 2489; x_wconf 84' lang='lat' dir='ltr'><em>est</em></span> <span class='ocrx_word' id='word_1_737' title='bbox 1709 2468 1873 2489; x_wconf 70' lang='lat' dir='ltr'><em>commune:</em></span> <span class='ocrx_word' id='word_1_738' title='bbox 1901 2447 1959 2468; x_wconf 49' lang='grc' dir='ltr'><em>μηθ’</em></span> 
     </span>
     <span class='ocr_line' id='line_1_93' title="bbox 1034 2505 1769 2544; baseline 0.001 -10"><span class='ocrx_word' id='word_1_739' title='bbox 1034 2505 1055 2533; x_wconf 81' lang='lat' dir='ltr'><em>si</em></span> <span class='ocrx_word' id='word_1_740' title='bbox 1079 2513 1145 2542; x_wconf 79' lang='lat' dir='ltr'><em>ergo</em></span> <span class='ocrx_word' id='word_1_741' title='bbox 1166 2506 1218 2534; x_wconf 74' lang='lat' dir='ltr'><em>hoc</em></span> <span class='ocrx_word' id='word_1_742' title='bbox 1231 2505 1239 2518; x_wconf 81' lang='lat'><strong>⁷</strong></span> <span class='ocrx_word' id='word_1_743' title='bbox 1262 2508 1304 2534; x_wconf 87' lang='grc' dir='ltr'><em>θεῖ</em></span> <span class='ocrx_word' id='word_1_744' title='bbox 1325 2513 1471 2534; x_wconf 80' lang='lat' dir='ltr'><em>commune</em></span> <span class='ocrx_word' id='word_1_745' title='bbox 1494 2506 1602 2540; x_wconf 71' lang='lat' dir='ltr'><em>tribus,</em></span> <span class='ocrx_word' id='word_1_746' title='bbox 1624 2509 1698 2544; x_wconf 79' lang='lat' dir='ltr'><em>patet</em></span> <span class='ocrx_word' id='word_1_747' title='bbox 1720 2509 1769 2535; x_wconf 79' lang='lat' dir='ltr'><em>etc.</em></span> 
     </span>
    </p>
   </div>
   <div class='ocr_carea' id='block_1_23' title="bbox 723 2602 1285 2607">
    <p class='ocr_par' dir='ltr' id='par_1_30' title="bbox 723 2602 1285 2607">
     <span class='ocr_line' id='line_1_94' title="bbox 723 2602 1285 2607; baseline 0 0"><span class='ocrx_word' id='word_1_748' title='bbox 723 2602 1285 2607; x_wconf 95' lang='lat' dir='ltr'><em> </em></span> 
     </span>
    </p>
   </div>
   <div class='ocr_carea' id='block_1_24' title="bbox 134 2670 978 2934">
    <p class='ocr_par' dir='ltr' id='par_1_31' title="bbox 198 2670 647 2696">
     <span class='ocr_line' id='line_1_95' title="bbox 198 2670 647 2696; baseline 0.004 -3"><span class='ocrx_word' id='word_1_749' title='bbox 198 2670 203 2684; x_wconf 83' lang='lat'><strong>¹</strong></span> <span class='ocrx_word' id='word_1_750' title='bbox 222 2670 294 2693; x_wconf 89' lang='lat' dir='ltr'><em>Codd.</em></span> <span class='ocrx_word' id='word_1_751' title='bbox 312 2677 337 2693; x_wconf 76' lang='lat' dir='ltr'><em>aa</em></span> <span class='ocrx_word' id='word_1_752' title='bbox 356 2671 387 2694; x_wconf 88' lang='lat' dir='ltr'><em>bb</em></span> <span class='ocrx_word' id='word_1_753' title='bbox 404 2671 528 2694; x_wconf 84' lang='lat' dir='ltr'><em>subiiciunt</em></span> <span class='ocrx_word' id='word_1_754' title='bbox 545 2672 647 2696; x_wconf 71' lang='lat' dir='ltr'><em>omnino.</em></span> 
     </span>
    </p>

    <p class='ocr_par' dir='ltr' id='par_1_32' title="bbox 134 2710 975 2781">
     <span class='ocr_line' id='line_1_96' title="bbox 196 2710 975 2741; baseline 0.004 -9"><span class='ocrx_word' id='word_1_755' title='bbox 196 2710 204 2724; x_wconf 76' lang='lat'><em>‘2</em></span> <span class='ocrx_word' id='word_1_756' title='bbox 222 2710 298 2732; x_wconf 87' lang='lat' dir='ltr'><em>Verba</em></span> <span class='ocrx_word' id='word_1_757' title='bbox 316 2710 376 2733; x_wconf 78' lang='lat' dir='ltr'><em>illud</em></span> <span class='ocrx_word' id='word_1_758' title='bbox 385 2710 448 2740; x_wconf 78' lang='lat' dir='ltr'><em>quod</em></span> <span class='ocrx_word' id='word_1_759' title='bbox 456 2712 489 2734; x_wconf 77' lang='lat' dir='ltr'><em>est</em></span> <span class='ocrx_word' id='word_1_760' title='bbox 501 2711 525 2734; x_wconf 84' lang='lat' dir='ltr'><em>in.</em></span> <span class='ocrx_word' id='word_1_761' title='bbox 537 2711 617 2741; x_wconf 78' lang='lat' dir='ltr'><em>aliquo</em></span> <span class='ocrx_word' id='word_1_762' title='bbox 627 2713 648 2734; x_wconf 93' lang='lat' dir='ltr'><em>in</em></span> <span class='ocrx_word' id='word_1_763' title='bbox 658 2713 736 2735; x_wconf 87' lang='lat' dir='ltr'><em>multis</em></span> <span class='ocrx_word' id='word_1_764' title='bbox 745 2719 799 2735; x_wconf 88' lang='lat' dir='ltr'><em>mss.</em></span> <span class='ocrx_word' id='word_1_765' title='bbox 811 2713 975 2735; x_wconf 79' lang='lat' dir='ltr'><em>desiderantur.</em></span> 
     </span>
     <span class='ocr_line' id='line_1_97' title="bbox 134 2749 960 2781; baseline 0.005 -10"><span class='ocrx_word' id='word_1_766' title='bbox 134 2749 254 2778; x_wconf 84' lang='lat' dir='ltr'><em>Aliquanto</em></span> <span class='ocrx_word' id='word_1_767' title='bbox 272 2750 365 2772; x_wconf 79' lang='lat' dir='ltr'><em>interius</em></span> <span class='ocrx_word' id='word_1_768' title='bbox 382 2756 424 2778; x_wconf 89' lang='lat' dir='ltr'><em>pro</em></span> <span class='ocrx_word' id='word_1_769' title='bbox 440 2751 516 2779; x_wconf 84' lang='lat' dir='ltr'><em>potest</em></span> <span class='ocrx_word' id='word_1_770' title='bbox 530 2750 576 2774; x_wconf 70' lang='lat' dir='ltr'><em>diei</em></span> <span class='ocrx_word' id='word_1_771' title='bbox 592 2751 659 2774; x_wconf 85' lang='lat' dir='ltr'><em>codd.</em></span> <span class='ocrx_word' id='word_1_772' title='bbox 677 2752 720 2774; x_wconf 93' lang='lat' dir='ltr'><em>LO</em></span> <span class='ocrx_word' id='word_1_773' title='bbox 732 2752 751 2774; x_wconf 92' lang='lat' dir='ltr'>V</span> <span class='ocrx_word' id='word_1_774' title='bbox 768 2759 793 2774; x_wconf 81' lang='lat' dir='ltr'><em>cc</em></span> <span class='ocrx_word' id='word_1_775' title='bbox 810 2753 885 2781; x_wconf 78' lang='lat' dir='ltr'><em>potest</em></span> <span class='ocrx_word' id='word_1_776' title='bbox 905 2758 960 2775; x_wconf 81' lang='lat' dir='ltr'><em>esse.</em></span> 
     </span>
    </p>

    <p class='ocr_par' dir='ltr' id='par_1_33' title="bbox 134 2788 978 2934">
     <span class='ocr_line' id='line_1_98' title="bbox 196 2788 976 2820; baseline 0.004 -9"><span class='ocrx_word' id='word_1_777' title='bbox 196 2788 205 2803; x_wconf 77' lang='grc'><strong>3</strong></span> <span class='ocrx_word' id='word_1_778' title='bbox 223 2789 273 2811; x_wconf 83' lang='lat' dir='ltr'><em>Vat.</em></span> <span class='ocrx_word' id='word_1_779' title='bbox 292 2790 327 2811; x_wconf 80' lang='lat' dir='ltr'><em>liic</em></span> <span class='ocrx_word' id='word_1_780' title='bbox 345 2790 458 2812; x_wconf 77' lang='lat' dir='ltr'><em>interserit</em></span> <span class='ocrx_word' id='word_1_781' title='bbox 474 2789 578 2813; x_wconf 74' lang='lat' dir='ltr'><em>videlieet</em></span> <span class='ocrx_word' id='word_1_782' title='bbox 594 2791 620 2813; x_wconf 79' lang='lat' dir='ltr'><em>ul</em></span> <span class='ocrx_word' id='word_1_783' title='bbox 637 2797 724 2820; x_wconf 76' lang='lat' dir='ltr'><em>eausa,</em></span> <span class='ocrx_word' id='word_1_784' title='bbox 743 2791 836 2815; x_wconf 78' lang='lat' dir='ltr'><em>seilicet.</em></span> <span class='ocrx_word' id='word_1_785' title='bbox 860 2792 908 2814; x_wconf 82' lang='lat' dir='ltr'><em>Mox</em></span> <span class='ocrx_word' id='word_1_786' title='bbox 926 2794 976 2819; x_wconf 83' lang='lat' dir='ltr'><em>post</em></span> 
     </span>
     <span class='ocr_line' id='line_1_99' title="bbox 134 2828 976 2858; baseline 0.002 -8"><span class='ocrx_word' id='word_1_787' title='bbox 134 2828 168 2850; x_wconf 83' lang='lat' dir='ltr'><em>est</em></span> <span class='ocrx_word' id='word_1_788' title='bbox 184 2834 222 2850; x_wconf 81' lang='lat' dir='ltr'><em>res</em></span> <span class='ocrx_word' id='word_1_789' title='bbox 239 2828 290 2850; x_wconf 89' lang='lat' dir='ltr'><em>cod.</em></span> <span class='ocrx_word' id='word_1_790' title='bbox 309 2828 338 2850; x_wconf 92' lang='lat' dir='ltr'>W</span> <span class='ocrx_word' id='word_1_791' title='bbox 355 2828 419 2851; x_wconf 79' lang='lat' dir='ltr'><em>addit</em></span> <span class='ocrx_word' id='word_1_792' title='bbox 432 2829 457 2851; x_wconf 77' lang='lat' dir='ltr'><em>in</em></span> <span class='ocrx_word' id='word_1_793' title='bbox 469 2828 527 2856; x_wconf 83' lang='lat' dir='ltr'><em>Deo,</em></span> <span class='ocrx_word' id='word_1_794' title='bbox 540 2833 562 2852; x_wconf 85' lang='lat' dir='ltr'><em>et</em></span> <span class='ocrx_word' id='word_1_795' title='bbox 573 2829 672 2852; x_wconf 88' lang='lat' dir='ltr'><em>subinde</em></span> <span class='ocrx_word' id='word_1_796' title='bbox 689 2837 732 2858; x_wconf 88' lang='lat' dir='ltr'><em>pro</em></span> <span class='ocrx_word' id='word_1_797' title='bbox 744 2830 874 2854; x_wconf 75' lang='lat' dir='ltr'><em>secundum</em></span> <span class='ocrx_word' id='word_1_798' title='bbox 890 2837 914 2853; x_wconf 80' lang='lat' dir='ltr'><em>se</em></span> <span class='ocrx_word' id='word_1_799' title='bbox 926 2831 976 2853; x_wconf 86' lang='lat' dir='ltr'><em>cod.</em></span> 
     </span>
     <span class='ocr_line' id='line_1_100' title="bbox 136 2865 978 2896; baseline 0.004 -8"><span class='ocrx_word' id='word_1_800' title='bbox 136 2865 155 2887; x_wconf 97' lang='lat' dir='ltr'>V</span> <span class='ocrx_word' id='word_1_801' title='bbox 176 2866 266 2889; x_wconf 85' lang='lat' dir='ltr'><em>exhibet</em></span> <span class='ocrx_word' id='word_1_802' title='bbox 288 2866 419 2889; x_wconf 71' lang='lat' dir='ltr'><em>secundum</em></span> <span class='ocrx_word' id='word_1_803' title='bbox 439 2873 500 2895; x_wconf 80' lang='lat' dir='ltr'><em>esse,</em></span> <span class='ocrx_word' id='word_1_804' title='bbox 526 2874 551 2890; x_wconf 82' lang='lat' dir='ltr'><em>ac</em></span> <span class='ocrx_word' id='word_1_805' title='bbox 568 2871 620 2896; x_wconf 85' lang='lat' dir='ltr'><em>post</em></span> <span class='ocrx_word' id='word_1_806' title='bbox 643 2875 715 2896; x_wconf 77' lang='lat' dir='ltr'><em>pauca</em></span> <span class='ocrx_word' id='word_1_807' title='bbox 738 2869 816 2891; x_wconf 66' lang='lat' dir='ltr'><em>verbis</em></span> <span class='ocrx_word' id='word_1_808' title='bbox 837 2875 909 2892; x_wconf 79' lang='lat' dir='ltr'><em>snum</em></span> <span class='ocrx_word' id='word_1_809' title='bbox 930 2874 978 2891; x_wconf 76' lang='lat' dir='ltr'><em>esse</em></span> 
     </span>
     <span class='ocr_line' id='line_1_101' title="bbox 135 2904 515 2934; baseline 0.005 -8"><span class='ocrx_word' id='word_1_810' title='bbox 135 2904 186 2926; x_wconf 86' lang='lat' dir='ltr'><em>cod.</em></span> <span class='ocrx_word' id='word_1_811' title='bbox 204 2905 222 2926; x_wconf 85' lang='grc' dir='ltr'><strong>Μ</strong></span> <span class='ocrx_word' id='word_1_812' title='bbox 240 2906 363 2934; x_wconf 84' lang='lat' dir='ltr'><em>praemittit</em></span> <span class='ocrx_word' id='word_1_813' title='bbox 379 2905 515 2929; x_wconf 78' lang='lat' dir='ltr'><em>secundum.</em></span> 
     </span>
    </p>
   </div>
   <div class='ocr_carea' id='block_1_25' title="bbox 1004 2791 1008 2929">
    <p class='ocr_par' dir='ltr' id='par_1_34' title="bbox 1004 2791 1008 2929">
     <span class='ocr_line' id='line_1_102' title="bbox 1004 2791 1008 2929; baseline 0 475"><span class='ocrx_word' id='word_1_814' title='bbox 1004 2791 1008 2929; x_wconf 95' lang='lat' dir='ltr'><em> </em></span> 
     </span>
    </p>
   </div>
   <div class='ocr_carea' id='block_1_26' title="bbox 1033 2673 1875 2935">
    <p class='ocr_par' dir='ltr' id='par_1_35' title="bbox 1096 2673 1385 2703">
     <span class='ocr_line' id='line_1_103' title="bbox 1096 2673 1385 2703; baseline 0 -8"><span class='ocrx_word' id='word_1_815' title='bbox 1096 2673 1104 2687; x_wconf 72' lang='lat'><strong><em>⁴</em></strong></span> <span class='ocrx_word' id='word_1_816' title='bbox 1124 2674 1172 2695; x_wconf 86' lang='lat' dir='ltr'><em>Vat.</em></span> <span class='ocrx_word' id='word_1_817' title='bbox 1190 2673 1385 2703; x_wconf 65' lang='lat' dir='ltr'><em>ememplam‘tatis.</em></span> 
     </span>
    </p>

    <p class='ocr_par' dir='ltr' id='par_1_36' title="bbox 1033 2712 1875 2858">
     <span class='ocr_line' id='line_1_104' title="bbox 1095 2712 1875 2742; baseline 0 -7"><span class='ocrx_word' id='word_1_818' title='bbox 1095 2712 1105 2727; x_wconf 84' lang='lat'>⁵</span> <span class='ocrx_word' id='word_1_819' title='bbox 1122 2713 1164 2734; x_wconf 83' lang='lat' dir='ltr'><em>Pro</em></span> <span class='ocrx_word' id='word_1_820' title='bbox 1178 2712 1301 2742; x_wconf 73' lang='lat' dir='ltr'><em>possibile,</em></span> <span class='ocrx_word' id='word_1_821' title='bbox 1325 2713 1389 2741; x_wconf 88' lang='lat' dir='ltr'><em>quod</em></span> <span class='ocrx_word' id='word_1_822' title='bbox 1406 2719 1433 2735; x_wconf 81' lang='lat' dir='ltr'><em>ex</em></span> <span class='ocrx_word' id='word_1_823' title='bbox 1450 2713 1653 2741; x_wconf 82' lang='lat' dir='ltr'><em>praestantioribus</em></span> <span class='ocrx_word' id='word_1_824' title='bbox 1670 2713 1737 2735; x_wconf 83' lang='lat' dir='ltr'><em>codd.</em></span> <span class='ocrx_word' id='word_1_825' title='bbox 1759 2714 1875 2735; x_wconf 70' lang='lat' dir='ltr'><em>revocavi-</em></span> 
     </span>
     <span class='ocr_line' id='line_1_105' title="bbox 1034 2750 1875 2780; baseline 0 -7"><span class='ocrx_word' id='word_1_826' title='bbox 1034 2758 1097 2779; x_wconf 88' lang='lat' dir='ltr'><em>mus,</em></span> <span class='ocrx_word' id='word_1_827' title='bbox 1116 2752 1151 2773; x_wconf 85' lang='lat' dir='ltr'><em>alii</em></span> <span class='ocrx_word' id='word_1_828' title='bbox 1169 2752 1236 2774; x_wconf 75' lang='lat' dir='ltr'><em>codd.</em></span> <span class='ocrx_word' id='word_1_829' title='bbox 1252 2751 1393 2780; x_wconf 76' lang='lat' dir='ltr'><em>potentiale,·</em></span> <span class='ocrx_word' id='word_1_830' title='bbox 1412 2752 1460 2774; x_wconf 80' lang='lat' dir='ltr'><em>Vnt.</em></span> <span class='ocrx_word' id='word_1_831' title='bbox 1478 2754 1565 2779; x_wconf 78' lang='lat' dir='ltr'><em>autem,</em></span> <span class='ocrx_word' id='word_1_832' title='bbox 1579 2758 1621 2779; x_wconf 87' lang='lat' dir='ltr'><em>pro</em></span> <span class='ocrx_word' id='word_1_833' title='bbox 1630 2750 1738 2780; x_wconf 79' lang='lat' dir='ltr'><em>possibile</em></span> <span class='ocrx_word' id='word_1_834' title='bbox 1755 2751 1875 2774; x_wconf 85' lang='lat' dir='ltr'><em>substituta</em></span> 
     </span>
     <span class='ocr_line' id='line_1_106' title="bbox 1033 2790 1875 2820; baseline 0.002 -8"><span class='ocrx_word' id='word_1_835' title='bbox 1033 2796 1091 2812; x_wconf 76' lang='lat' dir='ltr'><em>vor-e</em></span> <span class='ocrx_word' id='word_1_836' title='bbox 1108 2790 1221 2819; x_wconf 67' lang='lat' dir='ltr'><em>potentio,</em></span> <span class='ocrx_word' id='word_1_837' title='bbox 1240 2791 1300 2813; x_wconf 84' lang='lat' dir='ltr'><em>hunc</em></span> <span class='ocrx_word' id='word_1_838' title='bbox 1318 2791 1394 2813; x_wconf 88' lang='lat' dir='ltr'><em>locum</em></span> <span class='ocrx_word' id='word_1_839' title='bbox 1412 2791 1443 2813; x_wconf 87' lang='lat' dir='ltr'><em>sic</em></span> <span class='ocrx_word' id='word_1_840' title='bbox 1461 2791 1641 2813; x_wconf 73' lang='lat' dir='ltr'><em>transsornmvit:</em></span> <span class='ocrx_word' id='word_1_841' title='bbox 1660 2790 1723 2820; x_wconf 81' lang='lat' dir='ltr'><em>quod</em></span> <span class='ocrx_word' id='word_1_842' title='bbox 1736 2790 1838 2819; x_wconf 77' lang='lat' dir='ltr'><em>potentia</em></span> <span class='ocrx_word' id='word_1_843' title='bbox 1851 2797 1875 2814; x_wconf 83' lang='lat' dir='ltr'><em>se</em></span> 
     </span>
     <span class='ocr_line' id='line_1_107' title="bbox 1034 2828 1435 2858; baseline 0.002 -7"><span class='ocrx_word' id='word_1_844' title='bbox 1034 2828 1101 2851; x_wconf 80' lang='lat' dir='ltr'><em>lmbet</em></span> <span class='ocrx_word' id='word_1_845' title='bbox 1115 2835 1160 2858; x_wconf 80' lang='lat' dir='ltr'><em>per</em></span> <span class='ocrx_word' id='word_1_846' title='bbox 1177 2829 1377 2858; x_wconf 66' lang='lat' dir='ltr'><em>commorationem</em></span> <span class='ocrx_word' id='word_1_847' title='bbox 1394 2833 1435 2852; x_wconf 80' lang='lat' dir='ltr'><em>etc.</em></span> 
     </span>
    </p>

    <p class='ocr_par' dir='ltr' id='par_1_37' title="bbox 1095 2868 1514 2895">
     <span class='ocr_line' id='line_1_108' title="bbox 1095 2868 1514 2895; baseline 0.005 -6"><span class='ocrx_word' id='word_1_848' title='bbox 1095 2868 1105 2882; x_wconf 75' lang='lat'><strong>⁶</strong></span> <span class='ocrx_word' id='word_1_849' title='bbox 1125 2868 1211 2895; x_wconf 74' lang='lat' dir='ltr'><em>Supple</em></span> <span class='ocrx_word' id='word_1_850' title='bbox 1229 2874 1281 2890; x_wconf 86' lang='lat' dir='ltr'><em>cum</em></span> <span class='ocrx_word' id='word_1_851' title='bbox 1300 2869 1349 2890; x_wconf 82' lang='lat' dir='ltr'><em>Vat.</em></span> <span class='ocrx_word' id='word_1_852' title='bbox 1367 2868 1396 2891; x_wconf 78' lang='lat' dir='ltr'><em>ab</em></span> <span class='ocrx_word' id='word_1_853' title='bbox 1413 2870 1514 2891; x_wconf 74' lang='lat' dir='ltr'><em>aeterno.</em></span> 
     </span>
    </p>

    <p class='ocr_par' dir='ltr' id='par_1_38' title="bbox 1098 2907 1468 2935">
     <span class='ocr_line' id='line_1_109' title="bbox 1098 2907 1468 2935; baseline 0.003 -7"><span class='ocrx_word' id='word_1_854' title='bbox 1098 2907 1106 2921; x_wconf 75' lang='lat'>7</span> <span class='ocrx_word' id='word_1_855' title='bbox 1125 2907 1236 2935; x_wconf 71' lang='lat' dir='ltr'><em>intellige:</em></span> <span class='ocrx_word' id='word_1_856' title='bbox 1254 2914 1291 2929; x_wconf 74' lang='lat' dir='ltr'><em>res</em></span> <span class='ocrx_word' id='word_1_857' title='bbox 1307 2914 1356 2930; x_wconf 77' lang='lat' dir='ltr'><em>esse</em></span> <span class='ocrx_word' id='word_1_858' title='bbox 1374 2908 1396 2929; x_wconf 92' lang='lat' dir='ltr'><em>in</em></span> <span class='ocrx_word' id='word_1_859' title='bbox 1414 2908 1468 2930; x_wconf 82' lang='lat' dir='ltr'><em>Deo.</em></span> 
     </span>
    </p>
   </div>
  </div>
 </body>
</html>
