2215 3404
205 343 317 362 Notandum.

196 2407 309 2426 Notandum.

334 167 389 194 742)

334 244 407 273 dicat.
421 252 533 273 causam
550 245 738 279 meritoriam,
760 245 814 278 sic,
837 245 966 281 quamvis
981 245 1070 281 prima
1090 245 1179 273 fronte

333 298 385 319 non
408 291 481 319 dicat
502 299 643 325 errorem„
666 295 756 319 tamen
779 291 813 319 ad
837 292 925 328 ipsam
948 292 1075 328 sequitur
1090 299 1177 320 error.

332 337 358 365 Si
381 345 447 365 voro
469 337 542 365 dicat
563 337 707 365 rationem
728 337 941 374 eongyrttitcttis,
964 337 1002 365 sir.
1029 345 1082 365 non
1113 337 1175 365 dicit

332 392 474 416 errorem;
494 384 542 413 sed
575 388 666 413 tamen
697 385 880 413 temeritatem
910 385 1052 420 quandam
1081 385 1177 416 liabet,

332 431 396 468 quia
418 431 452 459 de
474 431 582 459 occulto
604 431 650 459 Dei
674 431 813 468 profundo
834 431 933 459 nititur
955 431 1073 459 reddere
1100 431 1179 459 ratio-

331 486 410 506 nem:
440 480 466 505 et
495 478 556 506 ideo
586 481 705 514 utroque
735 478 817 506 modo
846 481 904 506 erat
936 478 1019 515 (ligna
1049 481 1179 506 retracta-

334 524 405 552 tione
418 524 433 551 ¹.

697 642 761 669 Dt'ti.
784 642 812 669 ll.

409 759 474 787 item
497 759 643 795 quaeritur
665 759 698 787 de
719 759 766 787 illo
790 759 874 788 verlio
897 759 1025 795 Apostoli.
1048 760 1123 796 quod
1140 760 1178 788 di-

329 807 365 834 cit
395 807 578 843 Augustinus:
613 805 761 843 Reliquiae
785 814 839 843 per
868 806 1031 834 electionem
1058 806 1177 843 procide

329 853 429 881 salvae
448 852 534 889 fient,-
556 853 581 880 in
605 861 660 890 qua.
681 853 845 881 habitudine
867 856 1047 882 construatur
1070 854 1116 882 ille
1134 862 1177 890 ge-

329 900 449 934 nitivus;
469 900 533 936 quia
556 899 644 936 gratia
666 907 717 928 nec
739 900 851 928 videtur
873 900 978 937 elt'yens
1000 908 1050 929 nec
1073 900 1176 931 electa:

329 950 355 975 et
383 948 485 976 iterum
515 947 602 983 gratia
629 950 669 975 est
699 947 789 975 solum
819 955 855 975 ex
887 951 1025 983 tempore:
1056 956 1122 983 ergo
1150 950 1177 975 et

328 994 433 1023 electio.

408 1042 583 1069 Rusroxouoz
609 1041 778 1072 Dicendum,
801 1041 875 1077 quod
898 1041 920 1069 si
943 1041 1115 1077 intelligatur
1141 1042 1175 1069 de

329 1088 461 1116 electione
477 1087 640 1124 leiizpordli.
658 1091 721 1116 tunc
737 1087 833 1115 electio
846 1087 965 1125 yraciae
979 1088 1094 1121 dicitur,
1110 1088 1175 1125 quia

330 1135 356 1162 tit
379 1142 429 1171 per
451 1135 585 1171 gratiam:
606 1134 627 1162 si
650 1138 744 1162 autem
775 1134 809 1162 de
838 1138 975 1165 (telerna,
1005 1135 1043 1163 sic
1072 1134 1175 1163 dicitur

329 1181 423 1209 electio
442 1181 593 1218 9ratiae²,
616 1189 670 1209 non
692 1184 721 1209 ut
742 1181 845 1217 qratia
868 1181 941 1209 dicat
963 1181 1105 1215 habitum,
1126 1182 1175 1210 sed

328 1232 358 1256 ut
380 1231 559 1257 construatur
585 1228 656 1256 sicut
687 1227 827 1264 genitivus
849 1236 884 1256 ex
908 1227 939 1255 vi
966 1228 1175 1257 decla-rationis

327 1275 479 1308 essentium
500 1275 575 1303 unde
597 1275 699 1303 dicitur
721 1274 816 1303 electio
836 1275 971 1312 oratioe,
996 1275 1023 1303 id
1045 1279 1087 1304 est
1106 1284 1176 1312 yra-

327 1322 414 1355 tm'ttt-,
437 1330 508 1359 quae
530 1322 627 1350 merita
651 1330 705 1349 non
728 1321 893 1350 considerat.
920 1322 951 1349 Et
972 1322 1000 1349 si
1020 1322 1173 1356 obiicitur,

327 1369 401 1406 quod
425 1378 501 1397 ttutts
523 1368 661 1405 genitivus
688 1376 741 1396 non
771 1369 943 1397 construitur
972 1376 1009 1397 ex
1031 1369 1078 1397 illa
1108 1369 1173 1400 vi³;

327 1417 486 1450 dicendum,
508 1416 581 1452 quod
616 1424 715 1444 rerum
742 1419 800 1450 est..
829 1416 880 1444 uisi
911 1416 1012 1445 habeat
1041 1417 1174 1445 virtutem

327 1464 457 1492 duorum.
481 1463 556 1492 Unde
578 1463 647 1491 bene
669 1463 772 1491 dicitur
789 1463 834 1491 vii·
856 1463 1031 1501 scomuiuis,
1048 1467 1074 1492 et
1090 1463 1173 1493 ltomo

325 1510 530 1541 auctoritatis,
553 1509 681 1538 similiter
703 1505 799 1537 electio
818 1510 938 1546 arctatae
960 1510 1072 1540 dicitur.
1089 1511 1116 1539 id
1133 1515 1174 1540 est

326 1557 463 1594 gratuitae
486 1557 623 1585 bonitatis.

685 1697 750 1725 Drss.
774 1696 813 1724 ltt.

404 1831 470 1859 [tem
497 1831 643 1867 quaeritur
670 1830 704 1859 de
734 1831 784 1859 lioc
814 1831 889 1867 quod
915 1831 995 1859 dicit:
1019 1832 1174 1860 Praecedit

325 1877 440 1916 aliquid
455 1878 484 1906 iu
496 1878 718 1915 peecatoribus,
734 1886 791 1915 qno
806 1878 892 1915 dtyiti'
905 1878 1072 1916 efficiantur
1092 1879 1174 1907 ‘iusti-

323 1925 465 1962 ficatione
488 1925 606 1953 Videtur
627 1925 701 1953 enim
722 1924 824 1953 salsum
840 1925 946 1959 dicere,
962 1926 1028 1962 quia
1044 1930 1172 1962 peccator

322 1976 386 2001 ante
408 1972 631 2001 iustificatiouem
653 1976 745 2000 manet
772 1972 798 1999 in
828 1975 956 2008 peccam,
986 1975 1013 2000 et
1035 1973 1171 2009 quamdiu

323 2023 363 2048 est
379 2020 404 2048 iu
421 2022 547 2056 peccato,
569 2022 609 2047 est
625 2019 757 2056 indignus
772 2026 858 2056 pane,
874 2027 930 2055 quo
945 2019 1084 2049 vescitur.
1100 2019 1172 2048 sicut

323 2068 387 2096 dicit
410 2067 561 2095 auctoritas
573 2067 592 2101 ⁴,
615 2070 641 2095 et
670 2066 753 2094 etiam
780 2066 838 2103 ipsa
869 2066 940 2094 vita.
970 2069 1001 2094 ut
1030 2070 1097 2103 puta
1123 2067 1171 2095 Dei

324 2114 467 2142 inimicus:
489 2121 555 2150 ergo
576 2116 627 2141 etc.

403 2162 577 2189 Respommo:
600 2160 771 2188 Dicendum.
794 2160 869 2196 quod
891 2164 939 2188 aut
962 2160 1080 2188 verbum
1102 2161 1171 2189 illud

323 2208 466 2245 Augustini
489 2210 669 2236 retractatum
691 2210 747 2235 est.
763 2209 790 2234 et
808 2210 990 2235 retractatum
1009 2207 1172 2244 intelligitur

321 2256 350 2283 iii
372 2255 495 2292 praelata
521 2254 732 2287 retractatione,
761 2261 833 2290 (piae
862 2253 975 2289 ponitur
1006 2254 1032 2282 in
1062 2262 1172 2291 praece-

325 2302 398 2330 denti
422 2302 543 2338 capitulo
556 2301 565 2313 ἶ·
575 2312 582 2334 3
603 2304 651 2329 aut
673 2300 803 2337 dzynitas
819 2300 856 2328 itii
872 2302 980 2328 tantum
999 2300 1071 2329 valet
1086 2309 1171 2337 quan—

325 2353 383 2377 tum
420 2348 591 2385 eoiiyruz‘tsts
621 2347 735 2380 sotum3
768 2349 794 2374 et
831 2346 935 2375 multae
965 2350 1081 2383 possunt
1111 2355 1171 2376 esse

324 2396 512 2432 congruitates
534 2395 561 2422 in
582 2393 775 2431 peccatoribus
797 2394 832 2422 ad
861 2394 977 2430 gratiam
1005 2396 1116 2430 gratum
1136 2394 1172 2421 fa-

326 2443 442 2471 cientem
466 2450 515 2478 per
538 2441 719 2478 multiplicent
742 2441 860 2477 gratiam
883 2441 969 2478 gratis
991 2441 1093 2469 datam.

1022 167 1273 196 SENTENTIARUM
1296 167 1355 195 ΜΒ.
1377 168 1394 196 1.

1600 247 1665 274 Dim.
1688 247 1730 275 lV.

1316 331 1380 360 ltem
1403 332 1549 368 quaeritur
1565 332 1599 360 de
1616 332 1665 360 liot·
1681 333 1755 369 quod
1772 333 1838 362 dicit
1853 334 1991 370 Magister,
2006 335 2080 371 quod

1239 377 1314 405 Deus
1331 378 1483 414 praescire
1504 377 1613 415 futura
1635 379 1756 412 desiuit,
1786 388 1851 408 cum
1884 379 1993 416 fictura
2023 389 2082 410 esse

1236 424 1379 452 desinunt.
1407 425 1522 454 Videtur
1545 425 1618 454 onim
1648 426 1748 455 salsum
1777 427 1883 461 dicere,
1909 428 1975 464 quia
1997 436 2083 464 prae-

1235 470 1356 499 seientia
1378 471 1444 500 dicit
1465 472 1532 509 quid
1555 475 1717 505 aeternum3
1740 473 1788 501 scd
1804 473 1913 501 uultum
1934 477 2080 502 aeternum

1206 513 1207 534 ³
1237 516 1335 545 desinit
1357 526 1429 546 esse:
1453 527 1519 555 ergo
1541 527 1588 547 nec
1618 519 1776 556 praesciens
1802 520 1902 548 desinit
1933 520 2081 557 praescire.

1235 581 1275 584 —
1296 566 1378 597 Item,
1402 566 1577 595 Ricliartlus⁰
1600 567 1678 601 dicit,
1701 567 1775 604 quod
1799 575 1861 595 cum
1886 571 2007 604 quatuor
2029 569 2083 597 sint

1207 637 1208 641 ,
1236 612 1468 646 combinationes,
1491 613 1564 650 quod
1588 614 1734 651 quoddam
1761 618 1802 642 est
1821 615 1895 651 quod
1912 615 1994 644 tiatiet
2011 615 2083 652 prin-

1236 658 1339 694 cipium
1362 662 1389 687 et
1412 659 1507 693 tinem,
1530 659 1677 697 quoddam
1700 661 1774 697 quod
1797 664 1873 688 caret
1895 661 2032 698 prlocipio
2056 665 2083 690 et

1237 705 1302 735 line.
1325 706 1472 743 quoddam
1494 707 1568 743 quod
1586 707 1670 736 nabet
1691 707 1859 744 principium
1876 711 1903 736 et
1918 716 1972 736 non
1989 707 2080 743 finem²

1237 756 1266 780 ut
1288 752 1395 786 anima,
1416 757 1572 790 quartum,
1595 754 1699 782 scilicet
1728 754 1802 791 quod
1831 754 1914 783 habet
1942 755 2025 783 linem
2056 758 2082 784 et

1235 806 1289 826 non
1311 799 1494 836 principium⁷
1517 804 1558 828 est
1586 800 1765 837 impossibile.
1796 801 1876 837 Quod
1905 801 1978 830 enim
2006 805 2081 830 caret

1235 846 1370 882 principio
1392 855 1447 875 non
1468 847 1552 875 habet
1573 855 1633 876 esse
1656 847 1785 881 alitiiitle;
1807 848 1882 884 quod
1904 851 1998 876 autem
2027 848 2082 877 tale

1235 896 1288 924 est.
1310 901 1340 921 se
1357 893 1416 930 ipso
1438 897 1496 922 ost:
1520 902 1586 931 ergo
1608 897 1649 923 est
1670 895 1783 923 omnino
1805 895 1994 928 immutabile.
2016 903 2082 932 ergo

1234 947 1288 967 non
1309 942 1399 976 potest
1420 940 1556 969 desinere.
1579 941 1605 968 Si
1627 948 1694 977 ergo
1716 941 1857 978 praescire
1878 944 1954 970 caret
1983 941 2082 978 princi-

1234 987 1294 1023 pio,
1317 994 1429 1015 necesse
1451 990 1507 1021 est,
1530 988 1605 1024 quod
1628 991 1721 1016 careat
1742 987 1806 1016 fine.

1313 1034 1488 1063 Rusronneo:
1512 1034 1680 1069 Dicendum,
1703 1035 1778 1071 quod
1801 1035 1908 1072 absque
1930 1035 2015 1063 dubio
2030 1035 2082 1063 Ma-

1232 1080 1317 1117 gister
1339 1081 1409 1110 hene
1431 1081 1509 1115 dicit„
1539 1082 1614 1119 quod
1643 1082 1717 1110 Deus
1747 1082 1848 1110 desinit
1877 1081 1971 1119 aliqua
1996 1090 2081 1118 prae-

1231 1127 1321 1161 scire,
1344 1136 1408 1156 cum
1425 1128 1496 1156 siunt
1510 1128 1675 1164 praesentia.
1698 1129 1724 1157 Si
1740 1129 1813 1157 enim
1826 1128 2079 1165 praesciebantur,

1232 1175 1298 1210 quia
1318 1174 1429 1209 sutura,
1451 1177 1478 1204 et
1499 1174 1553 1203 iam
1576 1175 1708 1203 desinunt
1729 1183 1790 1204 esse
1812 1175 1921 1210 futura,
1951 1178 2080 1204 constans

1232 1224 1291 1255 est„
1314 1221 1388 1258 quod
1411 1221 1543 1250 desinunt
1554 1222 1706 1258 praesciri
1713 1245 1721 1255 ‚
1737 1230 1790 1250 non
1808 1222 1914 1251 ratione
1929 1222 1990 1251 eius
2005 1222 2080 1259 quod

1232 1270 1272 1296 est
1293 1268 1385 1301 Scire,
1409 1268 1456 1297 sed
1480 1268 1587 1297 ratione
1610 1269 1829 1305 praepositionis.

1311 1315 1349 1343 Ad
1372 1315 1441 1344 illud
1467 1323 1533 1352 ergo
1560 1316 1636 1352 quod
1665 1315 1796 1344 obiicitur
1821 1316 1855 1344 de
1884 1318 2013 1350 aeterno,
2042 1315 2081 1344 di-

1232 1361 1368 1391 cendum.
1389 1362 1464 1399 quod
1486 1362 1599 1399 aliquod
1627 1371 1728 1391 nomen
1753 1371 1830 1400 pure
1857 1366 2003 1391 aeternum
2034 1363 2082 1391 im-

1231 1411 1341 1445 portat.
1375 1409 1488 1446 aliquod
1526 1418 1591 1438 vero
1623 1418 1723 1438 nomen
1765 1410 1897 1447 importat
1932 1413 2079 1439 aeternum

1232 1456 1414 1484 eoituotctiido
1431 1457 1592 1493 temporale.
1606 1457 1658 1485 Hoc
1681 1464 1781 1485 nomen
1803 1457 1881 1485 Deus
1903 1464 1974 1493 pure
1995 1460 2081 1485 aeter-

1232 1512 1299 1532 num
1319 1504 1466 1541 importat,
1489 1504 1536 1533 sed
1567 1504 1619 1533 hoc
1647 1504 1815 1533 vocabulum
1833 1504 1986 1541 praescire
2014 1504 2081 1533 dicit.

1231 1554 1377 1579 aeternum
1399 1551 1574 1580 connotando
1596 1551 1758 1589 temporale.
1781 1568 1820 1571 —
1841 1551 2000 1580 Secundum
2029 1551 2079 1580 hoc

2105 1321 2173 1345 Duplex
2181 1327 2195 1340 a·
2203 1316 2205 1318 ’

2094 1346 2168 1364 [ΒΓΠΙΠΙῙι

1231 1598 1400 1630 notandum,
1422 1598 1497 1634 quod
1519 1597 1657 1635 quaedam
1690 1601 1840 1626 connotant
1868 1597 2021 1635 temporale
2050 1600 2193 1626 uttourtexten

1231 1653 1280 1673 ens
1301 1645 1333 1673 in
1352 1648 1429 1673 ctcttt.
1453 1645 1484 1673 Et
1505 1645 1571 1682 quia
1595 1645 1648 1674 tale
1672 1645 1825 1682 temporale
1851 1653 1910 1673 esse
1938 1648 2028 1682 potest
2053 1647 2078 1673 et

1231 1691 1361 1720 desinere
1382 1694 1487 1728 potest,
1510 1692 1571 1720 ideo
1595 1692 1663 1721 tales
1685 1695 1764 1721 actus
1786 1692 1860 1720 eirca
1881 1692 1970 1720 Deum
1986 1691 2081 1720 dicuu-

1232 1742 1277 1767 tur
1298 1738 1403 1767 habere
1425 1738 1534 1767 initium
1550 1742 1577 1767 et
1592 1739 1761 1768 terminum:
1783 1741 1814 1767 ut
1829 1741 1897 1775 puta
1919 1738 1941 1767 si
1957 1738 2078 1767 dicatur:

1201 1778 1203 1796 ³
1231 1785 1305 1813 Deus
1326 1788 1473 1814 conservat
1495 1785 1566 1814 hano
1589 1793 1664 1815 rem.
1688 1794 1862 1813 conservare
1891 1785 1957 1813 dicit
1990 1792 2080 1813 essen-

1231 1833 1296 1860 tiam
1312 1832 1319 1845 ⁷
1343 1832 1517 1861 oonuotando
1539 1832 1685 1866 effectumg
1708 1832 1769 1861 ideo
1802 1832 1897 1868 incipit
1924 1835 1951 1860 et
1978 1831 2080 1860 desinit

1230 1887 1405 1908 conservare.
1428 1879 1570 1916 Quaedam
1593 1882 1743 1908 connotant
1764 1879 1934 1916 temporale,
1960 1883 1991 1908 ut
2011 1888 2079 1907 ozon-

1230 1934 1279 1954 ens
1300 1929 1383 1959 accit,
1406 1934 1455 1954 ens
1478 1929 1568 1954 tamen
1592 1926 1619 1953 in
1642 1926 1763 1962 potentia
1796 1926 1854 1954 sive
1882 1926 2020 1954 futurum.
2049 1926 2079 1954 Et

1230 1973 1361 2010 quoniam
1384 1973 1538 2010 temporale
1560 1981 1614 2001 non
1631 1976 1720 2010 potest
1742 1973 1869 2010 incipere
1884 1981 1945 2002 esse
1964 1981 2079 2002 non-ens

1230 2021 1287 2049 sive
1310 2028 1370 2049 esse
1392 2020 1539 2048 futurum.
1566 2024 1716 2057 antequam
1744 2021 1797 2055 sit,
1820 2020 1868 2049 sed
1893 2023 1984 2057 potest
2009 2019 2079 2048 desi-

1229 2076 1297 2095 nere
1318 2076 1377 2095 esse
1408 2076 1542 2100 non-eus,
1566 2075 1629 2096 cum
1657 2067 1752 2104 incipit
1777 2075 1837 2096 esse
1863 2075 1927 2101 ens7
1950 2066 2079 2095 desinere

1229 2123 1288 2143 esse
1308 2113 1462 2151 futurum,
1485 2122 1549 2143 cum
1573 2115 1668 2151 incipit
1690 2122 1750 2143 esse
1772 2122 1916 2151 praesens:
1938 2114 2002 2142 hinc
2025 2117 2078 2147 est,

1229 2154 1304 2199 quos]
1328 2161 1511 2198 praescientia
1533 2162 1580 2190 Dei
1608 2164 1735 2198 respectu
1766 2161 1851 2190 creati
1880 2160 1982 2189 dicitur
2009 2160 2080 2189 desi-

1229 2217 1313 2242 nere,
1348 2209 1395 2236 sed
1425 2217 1569 2245 nunquam
1602 2208 1749 2245 iucipere;
1782 2211 1808 2236 et
1836 2207 1937 2236 desinit
1972 2207 2078 2235 ratione

1229 2255 1391 2292 temporalis
1413 2263 1467 2283 non
1489 2255 1658 2286 desinentis.
1681 2255 1729 2283 sed
1752 2254 1908 2291 incipientis
1921 2254 1940 2282 Β.

1309 2302 1339 2329 Et
1350 2309 1386 2330 ex
1399 2301 1450 2330 hoc
1466 2305 1541 2338 patet
1556 2301 1625 2330 illud
1643 2301 1783 2335 Ricliardi‚
1806 2301 1872 2338 quia
1893 2309 1957 2329 cum
1971 2300 1980 2313 ⁰
2005 2300 2078 2329 Deus

1230 2348 1330 2377 desinit
1347 2348 1498 2384 praescire,
1518 2356 1572 2376 non
1594 2347 1872 2384 significattli‘,-quod
1894 2347 2008 2384 aliquod
2029 2355 2078 2376 ens

1229 2394 1352 2428 desinat,
1374 2395 1423 2423 sed
1456 2395 1545 2423 solum
1579 2394 1654 2431 quod
1686 2394 1791 2431 aliquid
1825 2394 1952 2431 incipiat3
1985 2397 2012 2423 et
2039 2393 2077 2423 sic

1229 2444 1304 2477 patet
1327 2441 1406 2469 illud.

389 2593 395 2607 ¹
414 2594 481 2621 Quod
499 2594 520 2615 5.
540 2593 622 2615 DOCtor
640 2593 675 2615 liic
693 2592 759 2614 docet
777 2593 804 2615 de
822 2594 932 2615 eloctione
949 2593 977 2615 ad
991 2594 1100 2621 gratiam,
1114 2594 1174 2616 valet

325 2634 392 2655 ettam
412 2632 439 2654 dc
458 2636 502 2654 tota
520 2631 727 2659 praedestinatione
744 2635 766 2653 et
783 2632 881 2653 continet
900 2638 924 2654 ea
944 2638 1003 2660 quae
1025 2638 1094 2660 supra
1113 2639 1132 2654 a.
1154 2633 1172 2654 l.

326 2679 346 2701 q.
366 2673 386 2694 2.
405 2673 478 2694 fusius
494 2671 553 2694 dicta
572 2674 631 2693 sunt.

388 2712 397 2725 2
414 2712 443 2733 Ex
462 2711 529 2733 codd.
549 2711 563 2732 L
575 2710 621 2732 ΟΥ
639 2711 780 2732 restituimus
796 2710 901 2739 ffl'ttlt'ae,
920 2711 983 2739 quod
1000 2712 1022 2732 in
1047 2711 1096 2733 Vat.
1115 2710 1171 2733 desi-

327 2751 426 2773 deretur.

387 2789 397 2803 3
415 2789 459 2812 Cfr.
477 2795 547 2817 supra
566 2789 587 2811 d.
607 2788 643 2810 34.
662 2788 716 2810 dub.
735 2788 759 2810 3.
779 2788 816 2810 ubi
835 2790 856 2810 5.
879 2789 963 2811 Doctor
980 2789 1042 2811 idem
1067 2788 1122 2811 dicit
1139 2789 1174 2811 liis

325 2828 421 2850 verbis:
438 2827 607 2851 convenienter
624 2827 720 2849 dicitur:
742 2835 752 2846 α
765 2828 847 2849 mulier
864 2829 972 2855 egregiae
990 2828 1077 2850 formae
1091 2836 1113 2856 »‚
1132 2828 1173 2850 sed

326 2867 380 2889 nihil
398 2870 432 2889 est
449 2867 550 2889 dictum:
572 2875 582 2886 <1
596 2866 678 2888 mulier
695 2866 782 2888 formae
795 2875 815 2888 n.

388 2905 397 2920 ⁴
415 2906 547 2928 Secundum
565 2905 588 2927 B.
607 2905 704 2932 Amet-L,
724 2905 745 2927 11.
764 2906 825 2927 Sem.
843 2905 866 2928 d.
885 2907 921 2928 ⁴29.
939 2912 958 2928 a.
977 2907 997 2928 2.
1011 2907 1067 2929 liaeo
1077 2906 1174 2929 auctori-

324 2947 359 2967 tas
376 2946 411 2967 est
427 2945 555 2972 Augustini.

1292 2593 1301 2608 5
1317 2594 1358 2616 Lit.
1377 2594 1489 2621 Magistri,
1508 2600 1526 2616 e.
1545 2595 1565 2615 2.
1583 2606 1615 2610 —
1632 2594 1664 2616 De
1681 2595 1725 2616 hoc
1742 2597 1764 2616 et
1781 2599 1827 2622 seq.
1846 2593 1918 2615 dubio
1936 2593 1974 2615 cfr.
1993 2593 2050 2615 Petr.
2064 2599 2076 2614 a

1230 2633 1282 2655 Tar.
1300 2636 1321 2655 et
1338 2633 1445 2655 Ricliarsl.
1463 2639 1475 2655 a
1493 2633 1564 2661 Med..
1583 2634 1619 2655 liic
1638 2634 1696 2655 cii-cn
1715 2633 1745 2655 lit.

1292 2671 1301 2686 ὃ
1319 2671 1386 2700 Quod
1404 2672 1440 2693 liic.
1457 2674 1483 2693 ut.
1499 2672 1605 2694 llicliardi
1624 2672 1711 2694 dictum
1735 2672 1840 2699 attertur,
1867 2672 1888 2693 iu
1915 2672 1964 2693 eius
1987 2671 2077 2699 scriptis

1230 2710 1370 2733 verbotenus
1388 2716 1432 2732 non
1450 2710 1577 2738 invonitur,
1596 2710 1636 2733 scd
1655 2711 1729 2738 colligi
1748 2713 1822 2738 potest
1847 2716 1873 2732 ex
1890 2710 1929 2737 iis,
1956 2716 2015 2738 quae
2039 2709 2077 2731 tti-

1230 2749 1330 2772 cliardus
1347 2749 1376 2771 de
1393 2748 1492 2771 diversis
1509 2749 1584 2771 modis
1601 2749 1692 2771 essendi
1711 2749 1778 2771 docet
1795 2749 1809 2771 l.
1828 2748 1856 2771 de
1882 2749 1944 2770 Triu.
1970 2754 1989 2770 c..
2017 2747 2037 2770 t.
2055 2750 2077 2770 et

1231 2789 1251 2811 6.
1270 2795 1334 2817 seqq.

1293 2827 1303 2842 ⁷
1320 2828 1407 2855 supple
1424 2833 1477 2850 cuni
1495 2827 1531 2849 ed.
1553 2828 1558 2848 l
1580 2826 1701 2855 dirimam,
1721 2830 1743 2849 et
1754 2826 1853 2848 subinde
1865 2828 1917 2854 post
1927 2824 2075 2849 commorando

1231 2872 1283 2889 cum
1302 2866 1352 2888 Vat.
1369 2869 1391 2888 et
1408 2866 1459 2888 cod.
1477 2872 1503 2888 co
1519 2867 1581 2888 cteta.

1293 2905 1303 2920 ⁸
1319 2905 1363 2928 Csr.
1381 2911 1450 2933 supra
1469 2905 1490 2927 d.
1510 2906 1546 2927 38.
1565 2912 1583 2927 a.
1603 2906 1624 2927 2.
1642 2912 1664 2934 q.
1683 2905 1712 2933 ⁴23
1731 2905 1752 2927 d.
1771 2905 1807 2926 39.
1826 2911 1845 2926 a.
1865 2905 1884 2926 l.
1903 2910 1925 2933 q.
1944 2904 1964 2925 3.

1292 2944 1302 2958 ‘³
1319 2943 1471 2966 Solummodo
1489 2944 1539 2966 Vat.
1559 2947 1581 2966 et
1597 2944 1650 2966 odd.
1669 2943 1689 2965 t.
1708 2943 1734 2971 5,
1752 2943 1840 2965 addunt
1856 2942 1949 2966 dicitur.

2104 1626 2171 1649 poi-ale.
