2215 3404
47 520 119 539 solutio
134 520 151 538 3.

25 1500 101 1527 Triplex
114 1500 155 1518 imt-

50 1526 102 1542 tatio.

50 1875 156 1901 Subdistin-

38 1900 83 1917 ctio.

874 201 957 230 DIST.
980 201 1068 230 XXVI.
1091 201 1196 231 DUBIA.

166 283 256 317 potest
276 280 346 309 dici.
368 280 442 317 quod
464 280 592 309 accidens
613 282 703 316 potest
718 279 874 316 comparari
897 279 932 308 ad
947 279 1011 308 sub-

167 327 269 355 iectum
286 326 421 363 primum
448 329 476 354 et
506 326 541 354 ad
570 326 727 355 subiectum
755 326 928 363 prozimum
941 326 957 353 ¹.
980 325 1010 353 Et

166 373 261 401 habito
283 375 412 409 respectu
432 372 467 401 ad
490 372 647 401 subiectum
666 373 817 409 primum,
838 379 921 400 omne
942 372 1011 400 acci—

166 419 235 448 dens
256 419 322 448 dicit
335 419 499 453 adveniens,
514 419 589 456 quod
604 422 645 447 est
660 418 790 456 possibile
805 419 888 447 etiam
903 418 1009 453 abesse,

166 466 294 503 quamvis
314 472 369 494 non
390 468 519 503 respectu
540 465 672 498 subiecti,
694 465 769 502 quod
790 468 832 493 est
852 464 1009 493 subiectum

166 515 193 541 et
213 520 298 541 causa
311 512 329 540 ².
351 529 389 533 -—
410 512 519 541 Tertius
540 512 642 540 modus
663 512 773 541 dicendi
794 514 836 541 est
857 512 916 546 iste,
934 511 1009 548 quod

166 559 237 588 illud
259 559 349 588 solum
371 562 414 588 est
433 567 483 596 per
505 561 635 587 naturam
658 558 846 593 immutabile,
872 558 947 595 quod
968 561 1010 587 est

164 606 277 635 omnino
298 606 427 644 simplex.
448 606 475 634 Si
497 614 563 643 ergo
584 606 659 635 Deus
687 609 729 634 θεῖ
749 605 861 634 omnino
882 605 1010 634 immuta-

165 653 237 687 bilis,
259 661 325 690 ergo
346 656 388 681 est
408 653 521 681 omnino
536 652 672 689 simplex;
694 655 721 681 et
742 652 769 680 in
791 651 869 680 nullo
890 651 1009 688 simplici

163 701 206 728 est
226 699 391 728 accidens³z
414 707 480 736 ergo
501 699 529 727 in
552 699 629 727 nullo
650 698 817 727 immutabili
843 701 885 727 est
906 705 1009 735 ponere

164 746 299 775 accidens.
322 745 349 774 Si
371 753 437 782 ergo
458 745 538 774 Pater
559 748 600 774 est
621 745 816 779 immutabilis,
831 745 900 773 etin
922 752 954 773 eo
968 747 1010 773 θεῖ

163 793 329 830 paternitas:
352 800 419 830 ergo
439 800 494 821 non
516 795 558 821 est
578 792 715 821 accidens.

522 886 589 914 Dua.
612 886 654 914 Vl.

242 979 309 1008 Item
341 979 487 1016 quaeritur
514 979 549 1007 de
571 979 623 1007 hoc
650 979 726 1016 quod
758 979 837 1012 dicit,
859 979 934 1016 quod
955 978 1012 1015 filii

165 1026 219 1055 Dez·
247 1034 351 1054 sumus
376 1034 430 1063 per
462 1024 617 1062 facturam
625 1036 635 1059 ;
660 1026 727 1062 quia
747 1026 903 1055 secundum
926 1026 1010 1054 istum

164 1073 281 1101 modum
313 1072 438 1106 dicendi,
470 1080 535 1101 cum
566 1072 661 1101 asinus
693 1073 729 1101 sit
755 1073 860 1107 factus,
898 1072 1011 1101 videtur

164 1120 240 1157 quod
261 1119 347 1157 possit
369 1119 422 1148 dici
444 1119 493 1148 Dei
514 1119 603 1154 filius;
624 1122 651 1148 et
672 1120 811 1154 similiter,
834 1120 909 1157 quod
930 1128 1010 1155 arca,

165 1174 237 1203 quae
257 1166 329 1195 facta
349 1168 391 1195 θεῖ
412 1165 447 1194 ab
468 1166 589 1201 artifice⁷
614 1167 702 1203 possit
722 1166 776 1195 dici
798 1166 856 1194 filia
876 1166 990 1195 artificis
1003 1189 1010 1201 ,

166 1220 288 1250 quorum
304 1215 436 1242 neutrum
453 1213 624 1241 conceditur.
640 1213 673 1241 Sa·
688 1217 718 1241 tu
734 1213 827 1246 dieas,
843 1213 918 1250 quod
934 1221 1012 1249 opor-

168 1263 205 1289 tet
220 1260 294 1297 quod
309 1260 344 1288 sit
358 1260 394 1289 ad
416 1260 565 1297 imaginem
587 1260 635 1289 Dei
657 1260 761 1294 factus3
783 1264 903 1288 contra:
919 1260 1012 1289 diabo-

168 1306 211 1336 lus
232 1310 274 1336 θεῖ
294 1307 330 1335 ad
352 1306 500 1343 imaginem
529 1306 578 1335 Dei
609 1306 710 1335 factus:
733 1314 799 1343 ergo
820 1306 949 1335 diabolus
970 1310 1011 1335 θεῖ

166 1353 242 1382 filius
262 1353 319 1382 Dei.

247 1399 422 1427 Ruseounsso:
455 1399 629 1433 Dicendum,
659 1399 734 1436 quod
766 1399 818 1428 hoc
848 1399 924 1436 quod
949 1398 1011 1427 dico

166 1445 247 1483 filiu-5
268 1446 325 1475 duo
346 1445 427 1480 dicit,
449 1445 552 1474 scilicet
573 1449 671 1473 ortum
693 1448 720 1474 et
741 1439 941 1473 imitationem.
968 1445 1012 1473 Di-

168 1493 289 1522 cendum
319 1501 401 1530 ergo,
433 1493 507 1530 quod
539 1496 580 1521 θεῖ
601 1492 718 1521 imitatio
738 1501 790 1529 per
812 1492 1011 1520 omnimodam

168 1540 432 1573 assimilationem;
462 1543 490 1568 et
520 1540 559 1568 sic
600 1539 684 1568 Filius
715 1539 851 1568 naturalis
886 1539 1011 1567 imitatur

169 1587 286 1621 Patrem,
308 1590 334 1616 et
355 1586 421 1624 quia
435 1595 489 1615 non
511 1587 596 1615 habet
624 1587 730 1615 socium
752 1586 779 1615 in
802 1586 935 1615 imitando
958 1586 1011 1621 sic,

168 1633 229 1662 ideo
251 1633 327 1662 solus
348 1633 407 1670 ipse
429 1635 470 1662 θεῖ
491 1633 575 1661 Filius
596 1633 740 1662 naturalis.
758 1633 803 1661 Est
816 1632 938 1661 iterum⁴¹
953 1633 1012 1661 imi-

167 1680 233 1708 tatio
254 1688 408 1717 eoepressa;
429 1683 456 1709 et
476 1680 545 1715 haec
566 1681 690 1709 consistit
704 1680 731 1708 in
747 1680 879 1717 imagine,
901 1680 1011 1708 ethaeo

167 1730 242 1756 tenet
271 1727 364 1756 adhuc
396 1727 531 1755 rationem
560 1727 609 1755 filii
630 1730 657 1756 et
684 1727 817 1756 facturae.
841 1727 885 1756 Est
907 1727 1010 1755 iterum

167 1774 283 1803 imitatio
305 1774 479 1812 loezyzbzqucoe
500 1777 527 1802 et
548 1774 616 1803 haec
648 1777 722 1803 tenet
743 1777 852 1803 tantuin
874 1774 1009 1803 rationem

167 1821 304 1854 facturae,
325 1829 379 1849 non
401 1820 458 1848 filii.
481 1821 534 1849 Sed
556 1821 775 1855 attendendum,
797 1821 872 1857 quod
894 1821 1010 1849 imitatio

168 1876 307 1905 expressa
337 1867 405 1896 aut⁵
434 1867 544 1896 consitit
575 1868 602 1896 in
635 1876 685 1896 sua
706 1868 878 1902 conditione,
900 1871 948 1896 aut
969 1871 1011 1897 est

169 1915 297 1952 insignita
318 1914 437 1943 ulterius
456 1922 507 1943 sua
528 1915 696 1952 perfectione
717 1918 744 1943 et
766 1915 878 1950 decore5
900 1918 948 1943 aut
969 1918 1011 1943 θεῖ

1851 206 1908 235 ίι63

1066 280 1174 316 privata
1195 280 1300 309 honore
1321 284 1348 309 et
1369 281 1523 310 deformata
1541 290 1557 310 a
1571 290 1622 311 sua
1637 283 1800 312 conditione.
1817 284 1908 312 Primo

1067 327 1148 355 modo
1170 327 1272 356 dicitur
1287 328 1361 357 filius
1383 328 1506 362 sactura3
1528 330 1651 358 secundo
1670 330 1761 364 modo,
1776 330 1851 359 filius
1873 331 1910 359 fa-

1066 376 1146 402 ctura
1167 376 1193 402 et
1214 374 1374 411 adoptione:
1390 375 1470 403 tertio
1485 375 1577 410 modo,
1592 379 1692 404 neutro
1708 376 1791 405 modo
1806 377 1907 406 dicitur

1065 419 1155 454 filius,
1185 420 1235 449 nisi
1270 420 1351 449 valde
1381 421 1534 458 improprie
1565 425 1677 451 etcum
1700 423 1840 452 additione
1871 423 1910 452 di-

1064 466 1219 501 strahente3
1239 467 1305 503 quia
1326 467 1460 496 Dominus
1481 468 1588 497 loannis
1609 469 1726 497 octavo⁶
1746 469 1820 504 dicit,
1846 478 1908 507 pee-

1066 516 1180 541 catores
1194 512 1298 542 habere
1308 517 1426 550 patrem
1447 514 1606 549 diabolum,
1627 519 1776 553 propterea
1797 517 1871 553 quod
1893 525 1909 545 a

1065 560 1122 588 Deo
1143 560 1293 595 recedunt,
1315 564 1342 589 et
1368 561 1513 590 imitantur
1534 570 1607 591 eum.

1419 654 1485 682 Dun.
1508 654 1559 683 VII.

1144 745 1212 774 Item
1233 746 1380 783 quaeritur
1401 747 1436 776 de
1457 747 1634 777 distinctmne
1663 748 1776 777 illorum
1807 749 1909 784 trium,

1066 800 1138 830 quae
1159 793 1236 830 ponit
1257 793 1390 828 Hilarius,
1412 794 1516 823 scilicet
1538 795 1697 832 oriqz'nem,
1718 795 1869 824 veritatem
1883 799 1910 825 et

1067 839 1267 873 natz'm'tatem;
1298 843 1325 869 et
1356 841 1522 876 dicendum,
1555 842 1628 878 quod
1662 842 1729 871 haec
1760 843 1814 871 tria
1844 842 1910 871 dicit

1066 886 1100 914 ad
1123 886 1333 915 excludendum
1365 890 1422 917 tres
1451 888 1589 917 haereses.
1619 888 1720 917 Contra
1751 888 1910 917 Plzotz'num

1067 933 1134 961 dicit
1155 933 1284 971 oriqz'oze,
1307 942 1360 962 non
1382 934 1553 971 ctdoptz'one;
1569 935 1634 972 quia
1649 935 1781 964 Photinus
1792 935 1910 970 dicebat,

1067 979 1209 1008 Christum
1231 988 1291 1009 esse
1313 980 1402 1009 filium
1425 981 1472 1009 Dei
1494 981 1667 1018 adoptivum.
1690 981 1790 1010 Contra
1818 981 1912 1010 Sabel-

1067 1025 1140 1054 lz'um
1161 1026 1228 1055 dicit
1257 1027 1391 1061 veritate,
1423 1036 1478 1056 non
1509 1028 1741 1065 mmcztpcttz'one;
1766 1029 1831 1066 quia
1852 1029 1910 1066 ipse

1068 1073 1189 1108 dicebat,
1204 1074 1279 1110 quod
1294 1074 1368 1103 idem
1384 1070 1442 1111 ipse
1457 1074 1548 1111 primo
1569 1075 1784 1112 nuncupabatur
1795 1075 1803 1089 ⁷
1819 1078 1909 1112 pater,

1068 1122 1162 1157 postea
1193 1120 1276 1149 filius.
1299 1121 1400 1150 Contra
1431 1122 1540 1150 Arium
1568 1122 1634 1151 dicit
1661 1122 1823 1156 nativitate,
1857 1131 1910 1151 non

1067 1167 1227 1201 ereata'onae
1248 1167 1313 1204 quia
1334 1168 1414 1197 Arius
1435 1169 1557 1203 dicebat,
1580 1169 1678 1197 Filium
1692 1169 1741 1198 Dei
1757 1177 1817 1198 esse
1838 1177 1912 1198 crea-

1068 1216 1169 1241 turam.

1413 1308 1480 1337 Dun.
1503 1309 1566 1337 VIII.

1146 1400 1213 1428 Item
1234 1402 1380 1437 quaeritur
1412 1402 1446 1430 de
1473 1402 1525 1431 hoc
1547 1403 1621 1440 quod
1644 1403 1725 1437 dicit,
1747 1403 1821 1440 quod
1843 1403 1911 1431 ‹liei-

1069 1450 1118 1475 ίῖω·
1138 1447 1274 1481 relative,
1296 1448 1431 1486 quamuis
1453 1448 1479 1477 ci
1508 1449 1639 1477 vicissim
1660 1458 1718 1477 'non
1739 1450 1911 1486 respondeat

1067 1494 1249 1522 uocabulum.
1272 1495 1389 1523 Videtur
1410 1496 1483 1524 enim
1505 1496 1623 1530 salsum,
1648 1496 1714 1533 quia
1740 1497 1911 1533 «proprium

1068 1543 1109 1569 est
1129 1540 1312 1569 relativorum
1344 1541 1397 1570 dici
1430 1542 1465 1570 ad
1497 1543 1769 1571 convertentiam⁸n:
1796 1551 1862 1580 ergo
1889 1543 1911 1572 si

1068 1595 1122 1615 non
1138 1587 1272 1616 dicuntur
1283 1587 1316 1616 ad
1331 1589 1559 1624 convertentiam,
1571 1598 1626 1618 non
1641 1590 1773 1618 dicuntur
1788 1590 1910 1619 relative.

1147 1634 1323 1664 Respounuoz
1346 1636 1516 1671 Dicendum,
1545 1637 1617 1674 quod
1642 1637 1712 1666 illud
1736 1645 1833 1666 verum
1855 1640 1910 1672 θεῖ,

1068 1682 1090 1710 si
1109 1689 1210 1710 nomen
1233 1682 1395 1719 impositum
1417 1686 1458 1712 est
1489 1683 1602 1720 utrique
1622 1687 1766 1718 extremm
1788 1684 1911 1721 alioqum

1068 1728 1090 1757 si
1112 1728 1204 1757 deficit
1230 1736 1266 1757 ex
1294 1737 1350 1757 una
1376 1732 1470 1766 parte,
1493 1738 1546 1758 non
1569 1730 1683 1759 dicitur:
1706 1734 1737 1759 ut
1758 1731 1781 1759 si
1802 1731 1911 1759 dicatur

1067 1783 1166 1803 remus
1182 1775 1267 1803 newis
1278 1775 1295 1803 ⁹.
1311 1775 1441 1805 Similiter
1456 1776 1517 1805 vult
1532 1777 1625 1805 dicere
1639 1777 1821 1814 Augustinus,
1836 1778 1911 1814 quod

1066 1822 1120 1850 sub
1142 1822 1206 1850 istis
1226 1822 1393 1851 affininibus
1415 1823 1493 1852 Pater
1525 1827 1551 1852 et
1573 1824 1655 1852 Filius
1674 1832 1729 1852 non
1750 1824 1912 1853 referuntur

1066 1868 1102 1897 ad
1123 1868 1257 1905 Spiritum
1279 1873 1414 1898 sanctum.
1438 1870 1490 1899 Sed
1512 1873 1620 1905 tamen,
1643 1871 1691 1899 ubi
1714 1871 1846 1900 deficiunt
1867 1879 1912 1900 no-

1067 1915 1157 1949 mina,
1185 1915 1370 1953 Philosophus
1401 1917 1480 1946 docet
1508 1917 1612 1954 fingere
1627 1918 1658 1952 ¹⁰,
1681 1918 1729 1947 sed
1752 1918 1782 1946 in
1803 1918 1911 1946 (livinis

167 2120 267 2145 mutare,
285 2118 372 2140 malum
385 2124 485 2146 namque
497 2119 515 2140 si
527 2118 549 2140 in
567 2124 636 2140 manu
650 2121 763 2146 teneatur,
781 2124 864 2140 manus
876 2119 929 2140 mali
941 2118 1012 2141 odore

167 2157 305 2185 completur,
329 2156 387 2179 adeo
409 2156 467 2179 odor
484 2156 548 2185 quod
564 2159 598 2179 est
615 2157 735 2185 accidens,
760 2158 782 2179 in
799 2157 861 2179 aliud
883 2157 1011 2179 subiectum

168 2196 263 2217 transire
279 2198 359 2223 potest.
383 2195 428 2217 Sed
453 2202 497 2217 non
519 2197 562 2218 hoc
585 2197 615 2219 ait
631 2197 773 2224 Aristoteles,
791 2197 901 2225 quoniam
923 2198 1012 2218 mutare

167 2234 273 2256 accidens
289 2234 366 2256 locum
383 2240 428 2256 non
445 2236 529 2262 potest,
548 2241 589 2257 nec
610 2236 640 2257 ita
662 2235 717 2257 dixit
733 2234 875 2263 impossibile
896 2241 946 2257 esse
963 2235 1012 2256 sine

166 2278 194 2294 eo
212 2273 233 2294 in
246 2278 292 2301 quo
309 2275 369 2301 erat,
382 2273 423 2295 sed
440 2274 488 2295 sine
501 2274 561 2301 eoin
580 2280 626 2302 quo
643 2277 688 2301 est;
707 2275 749 2296 hoc
761 2275 823 2296 enim
840 2273 952 2302 significat
964 2280 1012 2295 mu-

167 2313 214 2333 tare
232 2311 325 2339 quidem
343 2318 411 2339 posse
428 2312 516 2340 locum,
535 2312 576 2335 sed
593 2313 641 2335 sine
663 2313 739 2342 aliquo
756 2312 859 2335 subiecto
876 2319 920 2334 non
944 2318 1011 2340 posse

167 2348 292 2372 subsistere
304 2358 325 2372 ι).
342 2350 391 2372 Lib.
409 2351 435 2372 V.
448 2349 576 2373 Commeat.
599 2351 620 2373 in
638 2351 749 2379 Porphyr.
773 2357 894 2373 recensens
911 2356 1012 2373 commu-

168 2389 248 2410 nitates
264 2391 286 2410 et
303 2388 440 2411 differentias
457 2390 548 2416 generis
560 2392 582 2411 et
598 2389 721 2412 accidentis
733 2391 773 2412 ait:
795 2398 805 2409 «
817 2389 944 2412 Accidentis
956 2395 1012 2411 vero

168 2427 310 2454 participatlo
327 2429 349 2449 et
365 2427 488 2450 intenditur
505 2431 527 2450 et
543 2429 671 2451 remittitur.
690 2428 792 2451 Invenies
809 2429 870 2450 enim
887 2428 1013 2457 quemlibet

167 2467 237 2493 paulo
258 2466 344 2489 diutius
364 2466 531 2495 ambulantem,
549 2470 571 2489 et
587 2468 655 2495 paulo
673 2468 772 2496 amplius
789 2469 892 2496 nigrum,
910 2471 932 2490 et
948 2469 966 2490 si
990 2468 1010 2489 in

168 2505 224 2532 ipsis
241 2505 391 2533 Aethiopibus
412 2505 578 2534 considerabis,
599 2512 680 2529 omnes
697 2513 741 2529 non
763 2513 835 2535 aeque
854 2508 919 2535 nigro
937 2508 1012 2529 colore

169 2549 219 2565 esse
236 2543 349 2566 obductos
366 2545 499 2567 invenies».
522 2545 584 2567 Idem
596 2547 677 2573 repetit
694 2546 715 2568 in
734 2545 777 2568 fine
801 2546 851 2568 libri
869 2546 898 2568 de
917 2547 1012 2574 Proprio

169 2585 191 2605 et
207 2582 330 2605 accidente.

232 2621 239 2635 1
258 2621 391 2644 Subiectum
409 2624 510 2651 primum
528 2626 561 2645 est
578 2625 671 2646 materia
688 2625 773 2653 prima,
791 2624 920 2648 subiectum
938 2626 1014 2653 proxi-

169 2665 234 2682 mum
251 2663 285 2683 est
302 2662 455 2689 compositum
472 2668 499 2684 ex
516 2663 610 2684 materia
628 2665 649 2685 et
666 2664 745 2685 torma.

231 2699 241 2713 2
258 2699 318 2722 Libr.
336 2700 359 2722 ll.
378 2700 437 2723 Sent.
452 2701 472 2722 d.
492 2701 527 2723 26.
540 2708 559 2723 a.
580 2702 599 2723 l.
617 2708 638 2730 q.
657 2702 678 2724 3.
696 2702 717 2724 S.
731 2702 813 2724 Doctor
825 2703 866 2725 ait:
884 2703 1012 2725 Notandum

170 2741 215 2766 est,
233 2739 297 2767 quod
318 2743 352 2761 est
372 2740 466 2768 aliquod
488 2740 606 2769 accidens,
630 2741 693 2769 quod
715 2745 861 2770 eomparatur
878 2743 907 2764 ad
927 2743 1013 2771 ahquid

168 2777 228 2799 sicut
244 2777 274 2799 ad
290 2777 420 2799 subiectum
437 2780 459 2800 et
475 2778 504 2800 ad
522 2784 627 2807 eausam;
649 2780 754 2808 aliquod,
781 2781 844 2809 quod
861 2781 935 2803 solum
953 2787 1013 2803 com-

170 2818 263 2843 paratur
280 2815 310 2838 ad
327 2816 412 2844 aliquid
429 2818 487 2839 sicut
503 2817 532 2839 ad
544 2817 672 2840 subiectum
689 2821 711 2841 et
728 2819 757 2841 ad
769 2819 831 2842 aliud
847 2820 905 2842 sicut
922 2819 949 2842 ad
963 2826 1013 2842 cau-

170 2861 232 2882 sam;
250 2861 272 2877 v.
290 2861 312 2883 g.
330 2855 426 2883 nigredo
438 2856 459 2877 in
472 2862 542 2878 corvo
554 2859 700 2884 comparatur
711 2857 741 2879 ad
757 2858 833 2885 ipsum
846 2864 942 2880 corvum
956 2859 1014 2881 sicut

170 2893 200 2915 ad
217 2893 346 2916 subiectum
358 2898 380 2917 et
397 2900 505 2923 causam3
523 2895 599 2917 lumen
617 2896 639 2917 in
652 2896 704 2918 aere
721 2896 757 2918 rel
775 2897 863 2924 species
880 2898 902 2919 in
920 2897 1013 2924 speculo

171 2936 318 2960 eomparatur
334 2933 409 2955 solum
427 2934 485 2955 sicut
505 2934 534 2956 ad
551 2934 690 2963 subiectum,
713 2941 758 2957 non
776 2936 834 2958 sicut
855 2936 884 2958 ad
907 2942 1013 2964 causam,

171 2971 224 2998 quia
241 2972 282 2993 etsi
299 2971 330 2993 ibi
347 2972 481 3000 recipiatur,
498 2973 589 2995 aliunde
606 2976 681 2996 tamen
699 2973 767 2997 habet
783 2977 866 2996 ortum.

1131 2118 1140 2133 3
1157 2118 1201 2141 Csr.
1219 2118 1308 2146 noem„
1327 2118 1356 2141 de
1374 2119 1436 2141 Trin.
1448 2124 1466 2141 c.
1485 2120 1506 2141 2.
1518 2119 1605 2141 —Iloc
1623 2119 1720 2141 dubium
1737 2119 1833 2142 solvitur
1843 2121 1911 2142 etiam

1069 2165 1081 2180 a
1099 2159 1120 2180 S.
1139 2158 1238 2186 Thema,
1257 2158 1293 2180 hie
1310 2158 1370 2180 circa
1387 2158 1416 2180 lit.

1131 2197 1139 2211 ⁴¹
1158 2197 1213 2220 Cod.
1224 2197 1239 2219 F
1248 2197 1328 2225 etiam,
1340 2197 1391 2219 cod.
1402 2196 1419 2219 O
1429 2198 1519 2225 tcmzen,
1532 2198 1609 2225 plures
1622 2197 1687 2220 codd.
1701 2204 1822 2225 perperam
1831 2197 1911 2227 iffl'tur.

1131 2236 1141 2250 ⁵
1158 2236 1207 2258 Vat.
1226 2242 1279 2258 cum
1296 2235 1411 2264 aliquibus
1428 2242 1482 2258 mss.
1499 2237 1531 2264 et,
1552 2236 1588 2258 ed.
1610 2237 1615 2258 1
1637 2237 1663 2259 ut
1684 2242 1726 2264 pro
1743 2238 1800 2265 aul;
1817 2237 1911 2259 sortasse

1069 2276 1134 2298 lectio
1152 2276 1251 2303 genuina
1268 2278 1302 2298 est
1318 2276 1360 2298 [tut
1376 2276 1410 2298 est
1425 2277 1458 2298 ut.

1130 2314 1140 2328 ⁰
1159 2314 1222 2336 Vers.
1241 2313 1277 2336 44.
1289 2326 1321 2330 —
1335 2314 1404 2336 Paulo
1422 2315 1528 2342 supeiius
1546 2317 1597 2343 post
1618 2314 1720 2338 secundo
1737 2314 1806 2337 modo
1824 2315 1874 2337 cod.
1892 2315 1912 2336 Y

1068 2354 1150 2381 repetit
1171 2352 1367 2376 difflata—Hoc
1390 2353 1488 2375 dubium
1514 2354 1582 2376 solvit
1603 2354 1671 2375 ctiam
1693 2354 1717 2376 B.
1744 2354 1827 2376 Albert.
1842 2372 1847 2382 ⁷
1877 2355 1913 2376 hic

1068 2399 1087 2414 a.
1110 2392 1146 2419 153
1164 2393 1186 2414 S.
1205 2392 1294 2420 Thom.,
1312 2393 1349 2415 hic
1365 2393 1424 2414 circa
1439 2392 1468 2414 lit.

1130 2430 1140 2444 ⁷
1158 2430 1232 2459 Aliqui
1262 2430 1329 2452 codd.
1359 2433 1383 2453 ut
1411 2431 1483 2452 FGT
1495 2431 1523 2452 W
1545 2432 1705 2462 ewicupatur.
1730 2431 1779 2452 Mox
1802 2431 1913 2453 mendum

1069 2469 1132 2497 Vat.‚
1150 2475 1192 2496 pro
1209 2468 1330 2491 nativitate
1351 2470 1457 2497 ponentis
1477 2469 1665 2498 ozzmcuputlone,
1691 2470 1823 2492 auctoritate
1845 2469 1912 2492 codd.

1069 2509 1217 2531 correximus.
1235 2521 1267 2525 —
1283 2509 1356 2531 Huius
1374 2508 1437 2531 dubii
1460 2509 1595 2531 solutionem
1618 2508 1709 2531 exhibet
1730 2509 1798 2530 etiam
1815 2509 1837 2530 S.
1855 2509 1913 2531 Tho-

1069 2554 1126 2576 mas,
1139 2548 1175 2569 hie
1186 2548 1245 2570 cirea
1257 2548 1287 2570 lit.

1131 2586 1140 2600 S
1153 2588 1250 2615 Ariston,
1264 2587 1293 2609 de
1305 2587 1444 2609 Praedicam.
1457 2593 1477 2609 c.
1490 2587 1518 2609 cle
1530 2587 1655 2610 natatione.

1131 2625 1140 2639 5¹
1158 2626 1247 2648 Aristot.
1265 2626 1307 2647 loe.
1325 2626 1360 2648 cit.
1378 2627 1418 2648 ait:
1436 2626 1514 2654 Neque
1532 2627 1592 2648 enim
1609 2632 1636 2648 eo
1652 2626 1715 2655 quod
1732 2627 1850 2654 navigium
1868 2629 1912 2654 est,

1069 2671 1096 2687 eo
1114 2666 1186 2692 ipsius
1208 2667 1269 2687 temo
1292 2664 1386 2693 (lieltur3
1410 2668 1463 2687 sunt
1479 2666 1539 2687 enim
1563 2666 1666 2693 naxigia,
1689 2672 1788 2694 quorum
1811 2668 1913 2688 temones

1070 2710 1114 2725 non
1132 2706 1195 2732 sunt;
1214 2710 1285 2732 quare
1309 2710 1354 2726 non
1371 2705 1523 2732 convertitur;
1542 2705 1660 2732 navigium
1682 2705 1742 2726 enim
1765 2710 1808 2726 non
1832 2704 1913 2726 dicitur

1070 2743 1167 2765 temonis
1184 2743 1310 2770 navigium.

1133 2780 1152 2795 ¹⁰
1169 2781 1197 2803 lta
1210 2781 1277 2803 codd.
1290 2781 1306 2803 P
1316 2781 1344 2809 Ως
1360 2782 1410 2804 Vat.
1422 2781 1519 2805 nomina
1531 2782 1595 2805 decet
1603 2781 1698 2812 finqere.
1711 2782 1809 2804 Lectioni
1822 2788 1835 2804 a
1847 2781 1913 2804 nobis

1070 2822 1175 2848 receptae
1193 2820 1269 2842 favent
1286 2821 1354 2843 etiam
1375 2821 1411 2843 alii
1434 2821 1526 2849 plurimi
1544 2821 1611 2843 codd.
1634 2827 1687 2842 cum
1704 2820 1740 2842 ed.
1763 2821 1784 2849 l,
1803 2823 1913 2848 ponentes

1070 2858 1134 2881 docet
1146 2865 1187 2886 pro
1199 2858 1272 2887 decet,
1292 2859 1416 2881 omittendo
1433 2859 1596 2888 Philosophus.
1609 2860 1696 2881 Revera
1709 2859 1859 2887 Philosophus
1871 2859 1912 2881 loc.

1070 2898 1105 2919 cit.
1123 2898 1165 2919 ait:
1182 2898 1307 2926 Aliquoties
1327 2902 1403 2920 autem
1421 2898 1477 2920 sorte
1500 2901 1521 2920 et
1538 2905 1620 2920 nomen
1639 2898 1725 2926 fingere
1750 2904 1842 2920 necesse
1859 2899 1912 2923 erit,

1070 2936 1145 2958 sinon
1162 2936 1229 2958 suerit
1246 2942 1329 2958 nomeu
1350 2937 1494 2965 impositum,
1512 2937 1542 2959 ad
1558 2936 1621 2965 quod
1638 2937 1799 2959 convenienter
1815 2937 1914 2964 assigne-

1071 2978 1114 2997 tur.
1126 2987 1157 2991 --
1169 2975 1237 2997 Paulo
1254 2978 1306 3003 post
1322 2976 1386 2998 multi
1404 2975 1471 2998 codd.
1484 2982 1537 2997 eum
1555 2975 1590 2998 ed.
1613 2976 1618 2997 l
1639 2981 1720 2999 curere
1737 2981 1779 3003 pro
1797 2976 1878 2998 lacero.
