2215 3404
749 227 831 255 DIST.
853 227 963 256 XXVIII.
985 225 1058 256 ΛΒΤ.
1081 228 1203 257 UNICUS.

1796 234 1851 262 495

358 392 794 441 COMMENTARIUS
829 393 890 440 IN
923 361 1359 443 DISTINCTIONEM
1393 397 1597 445 XXVIII.
1640 376 1642 379 .

493 542 537 574 De
565 541 747 586 proprietate
772 553 832 575 non
858 542 1033 587 personali7
1061 554 1139 587 quae
1165 549 1210 576 est
1235 544 1461 578 innascibilitas.

552 682 711 711 Praeterea
727 682 914 711 considerari
927 687 1045 720 oportet,
1061 684 1138 722 qnod
1151 693 1209 712 non
1225 688 1338 713 temtum
1355 689 1405 714 etc.

839 863 962 892 DIVISIO
983 864 1119 893 TEXTUS.

184 999 274 1035 Supra
305 997 360 1034 egit
390 997 517 1033 Magister
548 996 583 1024 de
613 995 846 1033 proprietatibus,
878 1004 950 1033 quae

106 1049 171 1075 sunt
191 1051 375 1082 personarum
397 1046 423 1072 et
444 1043 623 1080 personales:
645 1043 689 1071 hic
708 1043 803 1080 incipit
827 1043 949 1073 secunda

106 1101 186 1131 pars,
208 1093 236 1121 in
257 1100 313 1129 qua
333 1091 388 1128 agit
410 1091 444 1119 de
463 1090 681 1127 proprietatibus
695 1091 753 1119 sive
769 1091 949 1120 relationibus

105 1149 159 1169 non
182 1138 384 1177 personalibus.
408 1138 438 1166 Et
458 1137 593 1166 dividitur
614 1137 683 1166 haec
705 1145 771 1174 pars
803 1137 830 1165 in
862 1138 948 1171 duas,

106 1187 171 1225 quia
191 1186 347 1224 proprietas
368 1193 420 1213 non
443 1184 597 1221 personalis
618 1187 659 1213 est
691 1184 813 1221 duplex,
845 1185 949 1213 scilicet

106 1232 304 1262 innascibilitas
325 1235 351 1260 et
373 1231 528 1260 communis
554 1230 683 1267 spiratio,
714 1238 785 1267 quae
815 1231 949 1267 significa-

106 1284 152 1310 tur
182 1288 232 1317 per
263 1280 315 1308 hoe
336 1286 435 1307 nomen
464 1278 653 1314 principium.
683 1278 746 1307 Ideo
777 1279 868 1315 primo
893 1279 948 1315 agit

106 1328 140 1356 sle
161 1326 388 1360 innascibilitate,
411 1325 533 1354 secundo
561 1325 595 1353 de
626 1325 766 1353 communi
789 1325 947 1362 spiratione.

106 1374 177 1403 infra
191 1372 365 1402 distinctione
381 1371 513 1408 vigesima
528 1379 613 1399 nona:
635 1372 685 1399 Est
696 1375 850 1408 praeterea
865 1372 949 1400 alind

105 1429 208 1449 nomen
229 1422 279 1448 etc.
303 1419 393 1446 Prima
414 1426 480 1454 pars
501 1417 584 1446 habet
609 1417 687 1446 duas.
717 1418 745 1446 ln
773 1418 873 1454 prima
905 1419 949 1447 de-

106 1467 236 1497 terminat
258 1467 291 1495 de
312 1465 482 1502 proprietate
503 1465 741 1499 innascibilitatis3
763 1465 790 1492 in
805 1466 947 1499 8001111110,

106 1515 171 1552 quia
196 1513 321 1551 opposita
352 1512 425 1541 circa
456 1512 581 1548 opposita
612 1511 715 1540 clarius
746 1511 947 1543 elucescunt&

105 1562 192 1598 tangit
223 1560 376 1589 incidenter
408 1559 442 1587 de
477 1559 646 1596 proprietate
680 1558 887 1587 nascibilitatis
922 1562 949 1588 et

106 1607 267 1640 nascibilis,
289 1606 361 1634 infra
382 1606 556 1634 distinctione
578 1605 693 1634 eadem:
710 1605 864 1634 Sciendum
884 1614 949 1643 quo-

105 1664 158 1694 que
173 1656 232 1688 est,
254 1653 331 1692 quocl
350 1653 428 1681 sicut
447 1652 550 1681 Filius.

182 1701 248 1729 Item
269 1700 370 1737 prima
392 1707 457 1736 pars
478 1699 562 1728 habet
583 1703 703 1736 quatuor
724 1703 825 1736 partes.
844 1699 872 1727 In
894 1700 949 1737 pri-

105 1756 151 1776 ma
177 1747 312 1781 ostendit,
344 1746 411 1783 quid
440 1746 474 1774 sit
503 1746 687 1783 significatum
715 1746 800 1775 huius
828 1747 948 1775 nominis

105 1794 250 1832 inyenittis
272 1794 299 1822 in
320 1801 364 1828 se,
386 1793 549 1826 ostendens.
571 1793 645 1830 quod
668 1793 703 1821 sit
724 1793 869 1830 proprium
888 1801 948 1830 per-

105 1850 187 1870 sonae
209 1841 295 1869 Patris
323 1843 349 1869 et
381 1840 511 1868 differens
541 1848 557 1868 a
588 1840 753 1877 paternitate
783 1843 810 1869 et
841 1841 946 1869 dictum

105 1888 259 1917 secundum
282 1887 452 1916 relationem.
474 1887 601 1915 Secundo
636 1886 802 1915 determinat
830 1887 890 1916 eius
915 1888 948 1916 si-

105 1934 306 1972 gnificationem
329 1934 355 1962 in
377 1934 589 1970 aequipollenti,
611 1933 682 1962 sicut
704 1934 731 1961 in
753 1933 804 1962 hoc
836 1934 946 1963 nomine

1005 1006 1064 1025 11011
1083 998 1215 1035 yenitnS,
1238 1000 1264 1026 et
1285 998 1311 1027 in
1334 999 1386 1028 hoc
1417 1000 1528 1029 nomine
1559 1001 1763 1036 innascibilis,
1796 1003 1847 1031 ibi:

1006 1045 1072 1072 Ideo
1094 1044 1164 1072 solet
1183 1045 1297 1083 quaeri,
1317 1050 1430 1081 utrum,
1451 1047 1529 1075 sicut
1548 1048 1628 1076 soliis
1655 1052 1705 1077 etc.
1721 1049 1730 1063 ³
1758 1050 1850 1078 Tertio

1006 1092 1173 1120 determinat
1194 1092 1280 1122 huius
1301 1094 1420 1122 nominis
1450 1102 1549 1129 11311111,
1580 1096 1743 1131 ostendens,
1775 1097 1849 1133 quod

1006 1138 1135 1174 quamvis
1149 1147 1202 1167 non
1218 1139 1319 1168 habeat
1333 1144 1426 1168 ortum
1442 1149 1478 1169 ex
1494 1141 1652 1179 Scriptura,
1667 1143 1741 1179 quod
1758 1146 1849 1172 tamen

1007 1185 1069 1213 licet
1095 1193 1127 1213 eo
1159 1185 1214 1220 uti,
1246 1187 1375 1223 quamvis
1405 1188 1566 1217 Ambrosius
1598 1189 1726 1218 videatur
1757 1191 1849 1219 dicere

1005 1232 1176 1260 contrarium
1198 1249 1236 1253 —-
1257 1233 1309 1261 hoc
1330 1234 1403 1262 enim
1425 1234 1489 1263 facit
1520 1235 1554 1263 ad
1587 1237 1848 1272 reprehendendum

1006 1278 1160 1307 haereticos
1180 1296 1219 1299 —
1240 1282 1266 1308 et
1288 1280 1340 1309 hoc
1361 1280 1426 1309 facit
1447 1281 1502 1309 ibi:
1531 1282 1607 1310 [111111
1637 1283 1724 1311 eliani
1756 1288 1850 1312 tacere

1005 1333 1063 1352 11011
1084 1329 1200 1362 oportet.
1222 1326 1250 1354 In
1272 1330 1372 1363 quarta
1396 1336 1462 1356 vero
1488 1329 1677 1358 (10101111101113
1707 1330 1847 1367 quoddam

1006 1372 1139 1403 dubium.
1165 1373 1238 1410 quod
1271 1381 1307 1402 ex
1338 1375 1598 1411 praedeterminatis
1629 1377 1712 1405 habet
1740 1381 1848 1412 ortum.

1006 1418 1061 1446 ibi:
1084 1419 1243 1447 Praeterea
1264 1421 1370 1458 quaeri
1389 1421 1458 1449 solet
1478 1425 1529 1451 etc.

1084 1465 1240 1494 Sciendum
1262 1476 1372 1505 quoquc
1393 1472 1443 1502 est,
1465 1470 1541 1507 quod
1561 1469 1638 1498 sicut
1650 1470 1730 1499 solus
1745 1471 1848 1500 Filius.

1006 1512 1075 1541 Haec
1102 1516 1143 1541 est
1171 1514 1301 1541 secunda
1325 1522 1391 1551 pars
1412 1515 1497 1544 huius
1517 1516 1605 1553 partis
1620 1517 1639 1551 ⁴,
1662 1517 1689 1545 in
1710 1526 1766 1554 qua
1787 1518 1850 1547 inci-

1006 1559 1104 1588 denter
1126 1560 1293 1588 determinat
1314 1561 1348 1589 de
1376 1562 1545 1598 proprietate
1566 1563 1622 1591 Filii
1650 1564 1707 1593 sive
1726 1565 1801 1597 Nati:
1823 1568 1849 1594 et

1006 1606 1073 1635 haec
1088 1606 1172 1635 habet
1187 1607 1257 1635 duas
1271 1610 1365 1644 partes
1381 1609 1534 1637 secundum
1557 1610 1628 1645 11110,
1650 1620 1721 1648 quae
1743 1612 1779 1640 ibi
1794 1615 1851 1641 tan-

1006 1653 1051 1689 git.
1067 1653 1137 1689 Quia
1154 1653 1228 1681 enirn
1250 1662 1336 1691 supra
1357 1655 1463 1684 dictum
1484 1656 1588 1692 fuerat,
1608 1658 1681 1695 quod
1704 1659 1849 1695 sapientia

1006 1699 1111 1728 diceret
1139 1708 1302 1735 commune,
1327 1704 1354 1730 et
1375 1702 1473 1740 imago
1494 1705 1660 1741 proprium3
1691 1706 1753 1734 ideo
1784 1706 1849 1743 quia

1005 1747 1057 1775 hoc
1072 1750 1165 1783 posset
1178 1755 1312 1784 generare
1333 1749 1467 1784 dubium,
1489 1751 1555 1787 quia
1576 1752 1733 1782 invenimus
1753 1761 1767 1782 e
1789 1762 1850 1782 con-

1006 1794 1091 1821 trario
1109 1793 1267 1831 aliquando,
1292 1795 1354 1824 ideo
1375 1796 1466 1833 primo
1487 1798 1621 1830 ostendit.
1642 1800 1716 1836 quod
1738 1801 1850 1837 sapien-

1006 1840 1047 1868 tia
1065 1844 1138 1869 nata
1153 1842 1265 1878 proprie
1279 1842 1381 1871 dicitur
1402 1844 1437 1872 de
1452 1844 1524 1873 Filio.
1540 1845 1667 1874 Secundo
1681 1854 1747 1875 vero
1762 1850 1849 1876 osten-

1005 1888 1053 1921 dit,
1069 1888 1142 1925 quod
1159 1888 1257 1926 imago
1275 1889 1424 1926 aliquando
1435 1891 1571 1928 accipitur
1585 1893 1782 1928 essentialiter,
1798 1893 1847 1922 ibi:

1007 1934 1083 1963 Illud
1101 1935 1187 1963 etiam
1208 1935 1284 1963 seiri
1303 1940 1418 1973 oportet.

752 2090 935 2118 TRACTATIO
961 2091 1202 2127 QUAESTIONUM.

182 2246 219 2275 Ad
236 2246 443 2283 intelligentiam
469 2254 567 2275 eorum
593 2254 663 2283 quae
682 2247 814 2275 dicuntur
829 2247 856 2275 in
871 2255 948 2284 prae-

105 2293 174 2321 senti
196 2292 385 2325 distinctione,
406 2295 526 2329 quatuor
548 2297 731 2329 quaeruntur.

183 2339 274 2367 Primo
295 2339 458 2376 quaeritur,
480 2343 576 2367 utrum
597 2339 648 2368 hoc
670 2347 771 2368 nomen
802 2340 947 2377 inpertitus

105 2385 162 2413 sive
184 2385 366 2413 innascibilis
388 2385 496 2414 dicatur
518 2386 672 2414 secundum
689 2386 888 2420 substantiam,
903 2387 947 2415 vel

104 2431 259 2460 secundum
281 2432 451 2460 relationem.

182 2478 323 2512 Secundo.
346 2479 488 2516 supposito
510 2479 584 2516 quod
604 2479 757 2508 secundum
784 2480 946 2508 relationem

974 2247 977 2374 1

974 2376 976 2515 Ι

1005 2248 1134 2282 dicatur,
1155 2249 1319 2285 quaeritur,
1341 2252 1437 2278 utrum
1459 2250 1532 2279 dicat
1553 2251 1669 2279 eandem
1685 2252 1847 2281 relationem

1005 2302 1088 2331 quam
1110 2295 1163 2323 hoc
1183 2303 1283 2324 nomen
1301 2299 1396 2332 pater.

1083 2341 1174 2369 Tertio
1196 2342 1357 2378 quaeritur,
1378 2346 1474 2371 utrum
1496 2343 1693 2373 innascibilitas
1723 2346 1758 2374 sit
1788 2354 1849 2383 pro-

1004 2388 1107 2424 prietas
1128 2389 1185 2417 sive
1206 2389 1304 2417 relatio
1325 2390 1479 2426 personalis
1500 2399 1634 2427 personae
1657 2392 1750 2420 Patris.

1082 2436 1186 2471 Quarto
1207 2438 1234 2464 et
1254 2436 1353 2465 ultimo
1374 2437 1519 2474 quaeritur
1532 2461 1538 2471 ,
1560 2442 1657 2466 utrum
1676 2439 1848 2476 improcessi-

1003 2481 1093 2510 bilitas
1115 2482 1188 2511 dicat
1208 2482 1330 2520 aliquam
1352 2483 1491 2513 notionem
1514 2485 1540 2512 in
1564 2485 1650 2514 Patre.

169 2807 175 2821 ¹
195 2808 258 2836 Sive,
275 2810 300 2830 ut
317 2809 347 2830 ait
363 2809 460 2837 Ariston,
479 2809 492 2831 1.
510 2810 600 2832 Elench.
619 2816 637 2833 c.
658 2810 692 2833 14.
712 2810 740 2838 (c.
756 2811 814 2839 ·15.);
832 2812 947 2839 Appositis

106 2846 165 2868 iuxta
183 2852 207 2868 se
224 2847 355 2875 contrariis,
373 2848 461 2870 minora
479 2850 501 2870 et
517 2849 602 2871 maiora
615 2853 727 2877 apparent
738 2853 760 2873 ot
771 2851 849 2878 peiora
867 2854 888 2873 et
900 2857 948 2873 me-

106 2885 161 2907 liora
187 2885 325 2907 nominibus.
352 2886 377 2908 Et
394 2886 416 2908 ll.
442 2886 471 2908 de
493 2886 560 2909 Caelo
583 2890 605 2910 ct
621 2889 708 2911 mundo
726 2891 776 2911 text.
798 2889 833 2911 40.
853 2890 881 2918 (c.
900 2889 946 2918 6.):

107 2923 251 2946 Sensibiliora
277 2925 337 2945 enim
362 2927 415 2946 sunt
438 2926 497 2947 iuxta
521 2932 545 2948 se
567 2927 666 2949 invicem
684 2928 764 2955 posita.
781 2941 813 2945 —-
829 2929 878 2950 Mox
897 2929 946 2951 Vnt.

107 2967 159 2983 cnm
176 2962 256 2989 paucis
274 2962 340 2984 codd.
359 2962 546 2986 innascibilitatis
562 2971 605 2992 pro
621 2965 790 2989 nascibilitatis.

168 3000 177 3014 ‘²
195 3001 245 3023 Sola
263 3001 312 3023 Vat.
332 3002 367 3023 hic
385 3002 462 3024 addit:
479 3002 623 3033 Adiimyens,
643 3010 703 3034 quae
719 3004 749 3027 sit
765 3005 898 3034 proprietas
915 3012 947 3028 se-

1004 2812 1109 2835 cundnm
1137 2819 1209 2842 quam
1236 2813 1308 2836 Pater
1331 2813 1418 2837 dicitur
1443 2813 1567 2844 ingenitus,
1592 2814 1638 2837 ibi:
1662 2814 1689 2838 Si
1710 2816 1788 2839 autem
1811 2816 1845 2839 'nis

1003 2850 1069 2874 scire.

1066 2888 1075 2903 ³
1094 2889 1165 2912 Codd.
1184 2891 1199 2912 Ι)
1210 2890 1267 2918 QW
1285 2891 1360 2914 solvit.

1066 2928 1073 2942 ⁴
1094 2928 1167 2951 Verba
1186 2929 1313 2953 Sciendum
1330 2936 1443 2960 quoque...
1461 2937 1535 2960 usque
1552 2931 1580 2953 ad
1598 2931 1668 2954 Ilw'tls
1684 2931 1759 2961 pai-tis
1774 2933 1845 2954 inclu-

1003 2967 1051 2988 sive
1078 2967 1127 2989 Vat.
1146 2969 1274 2995 suppressit
1294 2975 1375 2991 eorum
1394 2969 1443 2991 loco
1461 2970 1586 2997 ponendo:
1609 2969 1724 2993 Similiter·
1741 2970 1843 2993 secunda

1001 3012 1066 3034 pars.
