2215 3404
304 228 359 256 564
985 220 1236 250 SENTENTIARUM
1258 219 1317 248 LlB.
1338 219 1356 248 1.

383 306 408 333 5
432 305 513 335 ltem,
535 311 598 332 cum
625 302 783 331 immediata
816 309 901 330 causa
922 299 1090 337 operationis
1112 298 1146 327 sit

304 352 451 384 voluntas,
472 353 499 378 et
521 350 566 378 illa
588 348 785 386 approprietur
807 347 922 384 Spiritui
944 348 1051 379 sancto,
1074 345 1147 373 vide-

305 401 363 431 tur,
378 397 452 434 quod
469 396 556 433 magis
577 396 677 424 debeat
697 395 749 423 dici
764 394 772 410 ¹
795 394 916 431 operari
927 401 979 430 per
1001 392 1146 429 Spiritum

279 451 284 454 ·
305 447 457 476 sanctum,
479 450 564 479 quam
582 450 635 479 per
658 441 776 469 Filium.

165 544 300 563 Fundamenta.

172 1423 269 1442 Conclusio
280 1423 294 1440 l.

176 1840 274 1859 Conclusio
283 1841 300 1858 -2,

187 2120 258 2147 Solutio
271 2125 303 2143 op-

188 2146 296 2167 positorum.

384 490 511 519 Commi:
537 490 560 516 1.
583 488 656 517 1(1θ111
672 490 713 516 θεῖ
728 495 787 515 esse
798 489 939 523 potentem
954 485 1029 522 quod
1050 492 1109 512 esse
1119 483 1145 511 ⁸²:

306 545 372 573 ergo
394 537 415 565 si
438 536 515 564 Pater
536 538 578 564 est
592 537 689 572 potens
710 533 832 571 potentia
853 532 953 569 genita,
975 539 1042 568 ergo
1062 530 1148 558 hahet

307 592 365 612 esse
385 583 420 611 ab
442 583 497 611 illa.

385 631 411 658 2.
433 630 515 661 ltem.
537 628 660 665 potentia
681 626 879 663 appropriatur
902 625 988 658 Patri„
1010 631 1077 660 ergo
1098 630 1148 651 nec

306 684 357 713 per
374 675 583 712 proprietatem
605 682 655 702 nec
676 681 725 710 per
757 671 1030 709 appropriationem
1051 676 1148 698 conve-

306 723 347 751 nit
377 722 456 750 Filio:
489 729 555 758 ergo
587 721 649 749 talis
681 720 783 749 locutio
816 719 903 755 magis
931 720 972 746 est
994 716 1148 753 impropria

307 777 390 806 quam
412 769 478 797 ista:
501 768 579 796 Pater
600 770 642 796 θεῖ
663 767 773 803 sapiens
794 765 928 802 sapientia
950 764 1048 801 genita.

385 816 410 844 3.
432 816 508 847 Item,
530 814 666 851 potentia,
698 821 753 850 qua
784 812 885 848 aliquis
913 813 954 839 est
976 813 1087 846 potens,
1110 816 1149 837 se-

308 863 431 892 cundum
463 862 588 890 ordinem
621 859 791 896 intelligendi
821 857 959 886 antecedit
977 865 1078 893 posse:
1100 855 1148 884 sed

308 909 449 946 generatio
474 907 629 936 secundum
661 906 787 934 ordinem
821 903 990 940 intelligendi
1023 902 1149 938 sequitur

305 964 404 992 posse:
427 963 493 991 ergo
514 955 581 982 haec
603 956 645 981 est
665 952 777 981 omnino
798 951 879 979 salsa:
904 950 982 978 Pater
997 952 1038 977 est
1052 950 1150 984 potens

308 1001 428 1039 potentia
449 1000 549 1038 genita.

620 1098 831 1120 CONCLUSIO.

310 1187 444 1216 Locutio:
460 1186 551 1213 Patet·
572 1188 613 1213 cst
630 1188 729 1221 potens
747 1183 876 1220 poten-tia
896 1182 1005 1219 penita,
1024 1184 1065 1209 est
1085 1180 1152 1208 sim.-

383 1233 498 1270 plz'et‘ter
519 1230 618 1268 falsa,-
639 1231 689 1258 sed
719 1230 781 1258 alta.
803 1233 844 1257 cst
864 1237 951 1257 vcra:
981 1228 1069 1256 Pater
1092 1235 1152 1264 ope-

388 1283 475 1307 ratur
494 1287 547 1315 per
570 1277 688 1305 Fatum.

387 1373 562 1401 Rsssrounuo:
584 1371 752 1401 Dicendum.
774 1370 848 1407 quod
882 1370 949 1398 haec
981 1371 1022 1397 est
1051 1368 1153 1405 simpli-

310 1421 377 1450 citer
398 1420 480 1448 falsa:
506 1419 584 1447 Pater
605 1421 647 1447 est
668 1421 765 1454 potens
786 1416 908 1453 potentia
930 1415 1035 1453 genita.
1058 1418 1084 1443 et
1099 1422 1154 1442 ma-

311 1467 351 1504 gis
374 1465 525 1503 impropria
539 1472 623 1501 quam
638 1464 731 1501 aliqua
746 1463 963 1500 praedictarun‘i.
974 1478 1013 1482 —
1024 1462 1062 1490 Ad
1078 1461 1154 1489 intel-

311 1513 451 1549 ligentiam
473 1514 564 1540 autem
598 1510 769 1539 obiectorum
795 1509 964 1539 notandum.
986 1508 1060 1545 quod
1086 1508 1154 1536 llaec

312 1558 408 1595 regula
430 1557 572 1586 consuevit
587 1556 646 1585 dari
663 1556 697 1584 de
713 1556 764 1583 hac
779 1555 982 1591 praepositione
999 1562 1062 1590 per,
1079 1553 1153 1590 quod

311 1612 376 1633 cum
398 1604 483 1632 verbo
505 1602 635 1631 absoluto
652 1603 782 1638 importat
803 1600 1012 1629 auctoritatem.
1033 1602 1065 1628 ut
1090 1607 1152 1628 cum

313 1651 429 1680 dicitur:
452 1650 502 1678 iste
517 1652 558 1678 est
574 1649 663 1677 honus
674 1657 728 1685 per
750 1648 843 1681 illum,
859 1647 901 1675 vel
924 1647 1034 1683 sapiens
1050 1646 1093 1674 vel
1111 1654 1155 1682 po-

314 1702 381 1727 tens.
402 1699 470 1726 Cum
492 1696 578 1725 verbo
599 1704 665 1724 vero
688 1695 841 1723 transitivo
857 1694 989 1731 importat
1010 1693 1155 1721 subaucto-

316 1745 437 1778 ritatem,
460 1747 490 1771 ut
511 1750 562 1771 rex
584 1741 664 1778 punit
685 1749 735 1777 per
750 1741 914 1769 ballivum&
937 1739 1091 1768 Dicendum
1114 1742 1156 1767 est

314 1791 407 1828 igitur.
437 1790 511 1827 quod
542 1789 608 1817 haec
630 1791 672 1816 est
703 1787 785 1816 falsa:
819 1787 897 1815 Pater
919 1790 960 1815 est
986 1789 1084 1822 potens
1106 1793 1155 1822 per

315 1838 429 1871 Filiumg
455 1837 522 1864 haec
554 1838 644 1863 tamen
676 1837 718 1863 est
746 1842 824 1862 vera:
851 1834 929 1861 Pater
952 1836 1085 1869 operatur
1107 1840 1156 1868 per
1184 1835 1186 1840 ·

315 1884 422 1912 Filium.
456 1884 484 1911 Et
517 1890 571 1910 non
599 1882 671 1909 valet
703 1883 914 1917 argumentum:
947 1882 1080 1915 operatur
1107 1887 1156 1916 per

314 1930 409 1963 illum7
430 1937 496 1966 ergo
518 1931 607 1966 potest
639 1936 688 1964 per
720 1927 814 1961 illum,
837 1927 902 1963 quia
922 1935 974 1963 per
996 1926 1087 1963 primo
1108 1926 1157 1953 im-

314 1979 405 2013 portat
421 1975 610 2004 causalitatem
626 1977 754 2011 respectu
776 1973 905 2006 effectus,
926 1976 953 2001 et
977 1972 1156 2010 postmodum

314 2026 442 2060 respectu
465 2023 560 2050 Patris.

395 2070 418 2097 1.
441 2069 478 2097 Ad
510 2069 579 2097 illud
612 2076 678 2105 ergo
706 2067 781 2104 quod
803 2066 893 2104 primo
921 2064 1059 2100 obiicitur,
1081 2066 1157 2103 quod

315 2116 362 2153 qui
383 2119 516 2152 operatur
538 2123 587 2152 per
608 2115 745 2151 aliquem,
768 2117 858 2151 potest
880 2121 929 2150 per
952 2113 1046 2146 illum;
1068 2113 1157 2141 dicen-

315 2163 399 2196 dum.
431 2162 503 2198 quod
537 2162 637 2190 falsum
664 2165 720 2195 θεῖ.
753 2161 818 2198 qnia
851 2160 902 2189 hoc
928 2168 982 2188 non
1005 2164 1061 2194 est,
1082 2159 1157 2196 quod

1203 297 1303 326 habeat
1324 296 1476 334 potentiam
1498 296 1533 324 ab
1554 295 1614 327 1110,
1636 295 1684 324 sed
1700 295 1775 331 quod
1797 295 1880 323 habet
1895 295 2045 331 potentiam

1203 351 1267 372 cum
1289 343 1336 371 illo
1358 342 1507 370 indivisam
1528 345 1556 370 et
1577 341 1625 370 dat
1645 341 1685 369 illi
1706 348 1803 378 posse:
1819 340 1880 369 ideo
1895 348 1945 378 per
1967 341 2046 369 illum

1202 392 1335 427 operatur
1349 392 1376 418 et
1390 397 1444 417 non
1460 391 1550 425 potest
1564 388 1622 416 sine
1638 387 1692 416 illo.

1281 437 1307 464 ⁰2.
1330 436 1367 464 Ad
1400 435 1470 463 illud
1499 434 1571 471 quod
1605 434 1751 468 obiicitur,
1782 434 1857 470 qnod
1879 442 1933 462 non
1955 434 2048 462 differt

1203 482 1327 519 operatio
1348 485 1375 510 et
1394 482 1516 519 potentia
1537 481 1563 509 in
1586 481 1657 514 Deo;
1673 481 1836 514 dicendum,
1851 480 1926 517 quod
1948 488 2047 509 verum

1203 532 1245 558 est
1275 537 1325 565 per
1357 528 1594 565 comparationem
1624 528 1659 556 ad
1693 527 1798 561 Deum3
1829 527 1923 556 differt
1956 531 2046 556 tamen

1204 578 1340 612 quantum
1362 575 1397 603 ad
1419 575 1548 603 effectum
1571 576 1759 602 connotatum.

1283 622 1308 650 3.
1331 622 1369 650 Ad
1392 622 1462 650 illud
1484 621 1558 658 quod
1580 621 1722 655 obiicitur7
1744 621 1818 657 quod
1840 621 1981 658 sequitur:
2005 629 2050 649 no-

1204 670 1244 697 vit
1258 677 1307 705 per
1318 669 1430 703 Filium,
1445 676 1512 705 ergo
1523 670 1565 696 est
1577 667 1687 704 sapiens
1701 675 1752 704 per
1763 667 1891 696 Filium⁴2
1907 676 1973 705 ergo
1987 671 2048 697 etc:

1204 715 1363 747 dicendum,
1385 714 1460 751 quod
1476 722 1529 742 non
1545 717 1587 742 est
1608 713 1698 742 simile-
1720 714 1754 742 de
1775 722 1858 742 nosse
1878 717 1906 743 et
1920 714 2048 751 operari.

1205 761 1338 798 Quamvis
1360 761 1432 789 enim
1455 769 1538 789 'nosse
1559 760 1593 789 sit
1614 760 1733 788 verbum
1750 760 1935 794 transitivum,
1958 763 2048 789 tamen

1205 815 1259 835 non
1281 810 1409 836 connotat
1431 807 1579 840 effectum,
1602 806 1674 835 sicut
1702 806 1839 843 operari;
1860 809 1888 835 et
1916 806 1978 835 ideo
1995 815 2050 843 per

1208 862 1260 882 non
1292 857 1383 890 potest
1414 862 1478 882 cum
1510 854 1569 890 ipso
1602 854 1755 890 importare
1786 853 2049 882 subauctoritatem:

1207 901 1253 929 uhi
1276 900 1349 928 enim
1366 904 1407 929 est
1421 900 1641 933 subauctoritas,
1656 903 1783 932 notatur,
1805 900 1880 936 quod
1895 900 2001 937 aliquid
2016 900 2051 929 sit

1206 957 1221 975 a
1243 947 1355 975 duobus
1371 951 1398 975 et
1412 947 1447 975 ab
1469 955 1525 975 uno
1547 954 1597 983 per
1618 947 1748 975 alterum.
1772 946 1802 974 Et
1820 946 1859 975 sic
1880 949 1956 983 patet
1971 946 2050 976 illud.

1285 994 1311 1021 [ι.
1342 994 1367 1021 5.
1400 993 1437 1021 Ad
1470 993 1540 1021 illud
1569 993 1644 1029 quod
1676 992 1822 1025 obiicitur,
1850 997 1945 1021 utrum
1978 993 2052 1022 dicat

1206 1040 1341 1068 rationem
1371 1048 1470 1068 causae
1502 1040 1545 1068 vel
1577 1039 1770 1073 instrumenti;
1791 1039 1954 1074 dicendum,
1976 1040 2051 1077 quod

1207 1089 1339 1115 neutrum
1372 1087 1438 1115 dicit
1466 1086 1591 1123 proprie,
1624 1086 1671 1115 sed
1696 1086 1957 1122 subauctoritaOEm,
1980 1095 2051 1124 quae

1208 1134 1338 1170 importat
1360 1133 1495 1162 rationem
1517 1133 1665 1170 utriusque
1697 1136 1832 1169 quantum
1865 1133 1900 1161 ad
1928 1133 1955 1162 id
1977 1134 2052 1171 quod

1208 1183 1250 1208 est
1272 1180 1307 1208 ibi
1330 1180 1530 1216 completionis.

1287 1226 1366 1262 Quod
1397 1226 1546 1260 obiicitur,
1568 1226 1730 1263 quod,Filio
1753 1234 1806 1254 non
1834 1227 2053 1263 appropriatur⁵

1209 1272 1318 1309 operari
1341 1280 1391 1309 per
1412 1272 1520 1309 ipsum;
1542 1272 1685 1309 responsio
1700 1275 1756 1305 est,
1778 1272 1851 1309 quod
1874 1273 1998 1308 operatio
2013 1275 2054 1302 est

1209 1326 1260 1355 per
1291 1318 1445 1352 virtutem,
1477 1322 1504 1347 et
1533 1319 1629 1346 virtus
1650 1318 1848 1355 appropriatur
1880 1319 1961 1353 Filio,
1983 1319 2055 1348 sicut
2067 1323 2173 1370 {2335
2214 1331 2215 1361 3

1211 1366 1313 1394 dicitnr
1334 1366 1441 1402 primae
1463 1366 1498 1394 ad
1520 1365 1677 1394 Corinthios
1699 1365 1824 1402 primofi:
1842 1364 1991 1394 Christum
2014 1366 2054 1395 di·
2067 1370 2121 1388 Filio.

1210 1412 1304 1440 cimas
1326 1412 1379 1440 Dei
1398 1412 1535 1440 ¹uirtutem
1550 1416 1574 1440 et
1592 1412 1643 1440 Dei
1655 1412 1840 1449 sapientiam.
1859 1412 1935 1441 Ratio
1949 1416 2053 1443 autem.
2067 1416 2122 1435 Βὸῑῑῡ
2136 1416 2152 1435 ¹-

1211 1467 1297 1496 quare
1328 1459 1424 1487 'cartas
1456 1459 1521 1487 Filio
1552 1459 1766 1496 appropriatur,
1798 1463 1852 1493 est,
1878 1459 1944 1496 quia
1965 1459 2055 1488 virtus

1211 1510 1252 1535 θεῖ
1274 1506 1404 1534 ultimum
1427 1507 1566 1543 potentiae
1595 1506 1652 1534 sive
1682 1509 1724 1534 est
1754 1505 1876 1543 potentia
1897 1505 2024 1534 ultimata
2037 1506 2054 1533 ⁷.

1212 1554 1346 1590 Quoniam
1369 1553 1454 1590 igitur
1475 1553 1558 1582 Filius
1579 1553 1745 1590 producitur
1761 1561 1776 1581 a
1798 1553 1878 1581 Patre
1900 1553 2054 1582 secundum

1211 1601 1399 1628 omnimodam
1432 1600 1628 1637 perfectionem
1661 1600 1813 1637 potentiae,
1836 1600 1901 1637 qnia
1922 1608 2055 1637 generare

1211 1650 1253 1675 θεῖ
1283 1649 1362 1674 actus
1393 1646 1531 1683 perfectae
1562 1647 1700 1682 potentiae
1731 1663 1771 1667 -
1804 1647 1983 1683 «perfectum
2015 1650 2056 1675 est

1212 1693 1284 1721 enim
1318 1692 1558 1729 unumquodque„
1591 1693 1703 1729 quando
1736 1696 1825 1729 potest
1846 1700 1981 1729 generare
2002 1693 2056 1721 tale

1212 1739 1294 1776 quale
1317 1740 1407 1775 ipsum
1431 1739 1492 1767 est3
1505 1750 1516 1763 »
1542 1756 1581 1759 —
1602 1739 1667 1776 quia
1682 1740 1767 1776 igitur
1786 1740 1871 1768 Filius
1892 1740 1991 1776 accipit
2012 1747 2058 1776 po-

1212 1786 1324 1814 tentiam
1348 1786 1519 1822 producendi
1546 1793 1634 1822 aeque
1665 1786 1835 1822 perfectum,
1858 1786 1929 1814 sicut
1950 1786 2009 1822 ipse
2030 1789 2057 1814 et

1214 1833 1292 1861 Pater
1314 1836 1367 1866 est,
1390 1836 1420 1860 ut
1442 1832 1575 1868 Spiritum
1599 1836 1741 1861 sanctum:
1765 1833 1827 1861 ideo
1847 1834 1944 1861 virtus
1965 1833 1988 1861 ei
2012 1841 2058 1869 ap—

1213 1879 1390 1916 propriatum
1412 1879 1474 1907 ideo
1496 1879 1599 1908 dicitur
1623 1879 1717 1907 virtu-5
1741 1879 1844 1907 Patris
1860 1882 1887 1907 et
1903 1879 2023 1907 dextera
2035 1879 2055 1912 ⁹,

1213 1929 1239 1954 et
1262 1926 1351 1953 Pater
1374 1925 1494 1962 operari
1511 1934 1564 1962 per
1581 1925 1699 1953 Filiam.

1291 1972 1385 1999 Aliter
1406 1975 1497 2008 potest
1518 1972 1588 2005 dici,
1610 1972 1684 2009 quod
1713 1972 1809 2000 virtus
1831 1972 1897 2001 dicit
1917 1972 2060 2001 immedia-
2074 1977 2128 1995 Ratio
2140 1976 2158 1994 *2-

1213 2019 1312 2047 tiorem
1336 2018 1537 2047 ordinationem
1560 2019 1596 2047 ad
1612 2022 1705 2047 actum
1720 2027 1804 2055 quam
1824 2019 1971 2055 potentia,
1993 2019 2057 2056 quia

1210 2066 1339 2102 potentia
1361 2066 1507 2094 ordinatur
1535 2066 1570 2094 ad
1602 2074 1673 2103 opus
1705 2074 1755 2103 per
1787 2066 2011 2103 dispositionem,
2033 2068 2059 2094 et

1213 2112 1278 2140 Filio
1299 2112 1497 2149 appropriatur
1520 2112 1672 2149 dispositio,
1695 2112 1757 2141 ideo
1778 2115 1805 2141 et
1816 2112 1946 2149 potentia
1966 2112 2060 2149 dispo-

1212 2159 1271 2187 sita
1285 2159 1315 2186 ¹⁰.
1339 2158 1369 2187 Et
1391 2159 1429 2187 sic
1451 2162 1545 2196 patent
1567 2159 1659 2187 omnia
1681 2159 1815 2196 quaesita.

380 2325 387 2339 ¹
406 2325 492 2352 supple
509 2331 562 2347 cum
579 2325 615 2346 ed.
638 2325 642 2346 1
665 2324 743 2347 Pater.

379 2364 388 2377 ²
406 2363 450 2386 cfr.
468 2364 572 2391 August.v
591 2363 627 2385 Vl.
646 2367 667 2385 et
683 2363 727 2385 Vll.
747 2363 775 2384 de
793 2363 855 2384 Trin.
873 2370 892 2384 c.
911 2363 931 2384 ·1.
949 2368 1014 2391 seqq.

378 2402 387 2417 ³³
404 2403 464 2424 Haec
481 2403 560 2429 regula
579 2402 733 2429 Praepositim
746 2401 883 2423 adscribitur
895 2407 965 2429 supra
978 2401 1000 2423 d.
1022 2401 1055 2422 12.
1068 2400 1124 2423 duh.
1138 2400 1159 2428 4,

318 2447 371 2463 cum
381 2447 427 2469 quo
437 2441 547 2463 consentit
555 2440 615 2462 Alex.
629 2440 684 2467 Ilal.‚
695 2440 716 2461 S.
727 2446 749 2467 p.
760 2440 774 2461 l.
785 2446 806 2467 q.
819 2439 856 2461 67.
866 2445 896 2460 m.
907 2439 928 2460 3.
940 2445 960 2460 a.
971 2439 991 2460 3.
1001 2450 1032 2454 —
1040 2439 1160 2467 Aliquanto

318 2481 425 2507 superius
442 2481 494 2507 post
511 2478 676 2501 anctoritatem
693 2478 743 2500 cod.
761 2478 780 2499 Y
798 2478 860 2499 addit
877 2477 942 2501 circa.
958 2483 1029 2500 suum.
1046 2477 1148 2500 casuale.

380 2517 389 2532 ⁴
405 2518 465 2540 Haec
481 2518 608 2539 conclusio:
626 2523 681 2547 erqo
699 2518 732 2539 est
749 2516 842 2545 sapiens
864 2522 909 2545 per
934 2515 1024 2539 Filium
1047 2515 1160 2538 desidera-

318 2560 355 2579 tur
371 2557 392 2578 in
410 2556 461 2578 Vat.
480 2562 521 2578 nec
539 2562 582 2578 non
600 2557 622 2577 in
640 2556 746 2583 pluribus
763 2555 830 2577 codd.

381 2594 390 2609 ⁵
407 2595 478 2617 Simul
496 2595 562 2617 audi:
580 2595 676 2617 Patrem.
695 2594 726 2616 De
744 2595 786 2616 hac
803 2594 912 2616 sententia
930 2593 983 2615 vide
1000 2593 1081 2615 obiect.
1100 2593 1120 2615 st.
1138 2594 1159 2615 111

319 2633 375 2660 fine,
393 2639 419 2655 ex
437 2639 480 2661 qua
499 2634 565 2655 etiam
584 2635 691 2660 apparet,
709 2633 788 2654 falsam
805 2638 855 2654 esse
873 2632 992 2654 lectionem
1011 2632 1067 2659 Vat.,
1085 2638 1097 2653 a
1115 2638 1159 2660 qua

318 2672 382 2694 abest
397 2678 452 2694 non.
470 2672 547 2700 Aeque
566 2672 618 2694 salsa
636 2674 669 2693 est
686 2672 751 2693 lectio
769 2671 835 2693 codd.
853 2671 868 2692 Ρ
879 2671 909 2699 Q,
928 2672 978 2699 qui,
997 2671 1082 2693 omissa
1106 2677 1159 2698 par-

319 2711 385 2733 ticula
403 2716 463 2737 non,
482 2712 531 2737 post
549 2715 592 2738 per
608 2709 687 2738 ipsum
704 2709 791 2731 addunt
813 2709 881 2731 Patri
905 2715 959 2731 non.
984 2709 1059 2731 Lectio
1084 2712 1159 2731 nostra
1188 2721 1189 2728 1

320 2749 396 2771 nititur
421 2749 554 2770 auctoritate
571 2748 621 2770 cod.
640 2748 667 2769 T.
683 2759 715 2763 —
732 2748 774 2769 Pro
800 2747 915 2775 obiicitur,
943 2747 1006 2776 quod
1030 2747 1096 2769 codd.
1115 2747 1130 2769 P
1142 2747 1160 2775 Q

321 2787 348 2815 (T
367 2794 379 2809 a
396 2787 523 2809 recentiore
540 2788 619 2811 manu)
637 2785 753 2814 obiicitur,
774 2792 855 2815 quare.

382 2825 391 2839 Β
409 2826 473 2848 Vers.
492 2825 528 2847 24.

381 2864 390 2878 ⁷
408 2865 504 2891 Ariston,
517 2864 531 2886 1.
545 2864 573 2886 de
585 2863 651 2886 Caelo
664 2866 686 2886 ct
697 2864 791 2892 Mundo,
805 2866 856 2886 text.
874 2865 878 2886 1
889 2865 921 2886 16.
936 2864 965 2892 (c.
983 2865 988 2885 l
999 2865 1026 2893 1.)
1038 2865 1082 2886 ait:
1096 2863 1125 2885 ‘H
1138 2862 1160 2885 δὲ

321 2902 412 2932 δύναμις
429 2903 468 2929 τῆς
485 2902 596 2934 ὑπεροχῆς
614 2901 673 2924 ἐστίν
691 2904 704 2924 1'.
723 2910 741 2924 c.
759 2911 768 2922 α
780 2903 857 2925 Virtus
875 2904 995 2931 (potentia)
1013 2909 1069 2925 vero
1086 2904 1160 2931 ipsius

321 2942 457 2964 excessionis
475 2941 636 2969 (excellentiae)
654 2945 687 2963 cst
700 2950 720 2963 1³.
733 2942 795 2969 Quae
808 2942 878 2964 verba
897 2948 1013 2970 exponens
1025 2943 1046 2964 S.
1059 2942 1161 2963 Thomas

322 2980 380 3006 (lect.
399 2980 445 3008 25.)
465 2980 527 3002 dicit:
546 2980 623 3002 Virtus
640 2981 671 3002 rei
690 2986 734 3002 non
752 2980 881 3003 attribuitur
898 2981 940 3002 nisi
958 2981 1101 3003 excellentiae
1114 2981 1127 3002 i.
1140 2986 1159 3002 e.

1216 2322 1344 2344 secundum
1362 2322 1383 2344 id
1403 2322 1525 2344 attenditur
1542 2323 1616 2344 virtus
1632 2323 1678 2350 rei,
1702 2322 1765 2350 quod
1788 2325 1822 2344 est
1844 2322 2060 2344 excellentissimum

1217 2362 1321 2383 omnium
1338 2367 1415 2382 rerum
1434 2362 1455 2382 111
1474 2360 1537 2389 quod
1554 2364 1635 2388 potest.
1654 2361 1679 2383 Et
1697 2361 1740 2383 hoc
1757 2364 1792 2383 est
1809 2361 1873 2389 quod
1889 2360 1972 2383 dicitur
1983 2361 2005 2382 in
2018 2361 2060 2382 alia

1216 2400 1360 2421 translatione
1371 2406 1376 2421 :
1398 2407 1407 2419 ιι
1420 2400 1494 2421 virtus
1510 2401 1544 2421 est
1561 2400 1666 2421 ultimum
1684 2400 1798 2427 potentiae
1809 2408 1830 2427 n,
1843 2400 1909 2428 quasi
1921 2400 2004 2422 scilicet
2017 2399 2060 2421 vir-

1216 2440 1252 2460 tus
1269 2439 1300 2460 rei
1318 2438 1482 2460 determinetur
1499 2438 1628 2460 secundum
1646 2438 1764 2467 ultimum,
1783 2439 1804 2460 in
1823 2438 1887 2467 quod
1905 2440 1985 2466 potest.

1278 2476 1287 2491 ⁸
1305 2477 1362 2499 Vide
1380 2483 1450 2505 supra
1467 2483 1520 2505 pag.
1539 2477 1595 2505 180,
1622 2479 1673 2499 nota
1697 2477 1717 2499 5.
1735 2489 1766 2493 -
1784 2478 1833 2499 Mox
1860 2483 1902 2505 pro
1923 2478 1951 2500 ut
1966 2477 2018 2500 cod.
2041 2477 2059 2499 K

1215 2515 1308 2539 scilicet.

1278 2554 1288 2568 ⁰
1304 2554 1402 2576 Hilarius
1419 2555 1441 2576 111
1458 2555 1553 2582 exposit.
1572 2555 1606 2576 Ps⁴
1627 2554 1677 2582 137,
1695 2554 1716 2577 7.
1736 2561 1757 2577 11.
1776 2555 1812 2576 15.
1830 2555 1859 2577 dc
1876 2554 1956 2577 verbis
1972 2555 1993 2577 et
2017 2553 2062 2577 sal-

1215 2599 1272 2615 vum
1289 2598 1325 2615 me
1341 2592 1394 2621 fecit
1411 2592 1510 2616 ᾱεαυὶῖηίτ1
1527 2594 1568 2615 tcta
1586 2594 1630 2615 ait:
1651 2594 1727 2615 Virtus
1744 2593 1887 2621 significatui·
1903 2594 1926 2615 in
1952 2593 2060 2619 dextera;

1216 2634 1238 2654 et
1254 2631 1306 2653 ideo
1323 2631 1446 2659 Dominus,
1464 2632 1503 2660 qui
1521 2632 1560 2654 Dei
1578 2633 1652 2654 virtus
1669 2635 1691 2654 ct
1708 2632 1747 2654 Dei
1766 2632 1875 2659 sapientia
1893 2635 1941 2659 est,
1960 2637 2061 2654 nonnun-

1217 2677 1286 2699 quam
1303 2671 1343 2692 Dei
1361 2670 1453 2692 dextera
1471 2671 1660 2698 cognominatur,
1682 2676 1724 2698 por
1749 2676 1818 2698 quem
1845 2669 1958 2692 adversus
1982 2675 2062 2691 omnes

1216 2710 1320 2731 inimicos
1338 2710 1358 2730 in
1378 2710 1480 2731 omnium
1499 2708 1671 2731 tribulationum
1689 2708 1749 2731 bello
1767 2709 1918 2736 protegimur.
1930 2720 1961 2724 —
1976 2708 1999 2730 ln
2011 2708 2061 2730 Vat.

1217 2752 1239 2770 ct
1256 2748 1369 2770 nonnullis
1386 2747 1453 2770 codd.
1472 2747 1550 2769 verbis
1567 2748 1589 2770 et
1605 2747 1704 2770 dextera
1721 2748 1873 2775 praemittitur
1890 2748 1911 2769 et
1928 2746 2059 2773 brachium,

1217 2787 1245 2809 de
1263 2793 1309 2815 quo
1326 2788 1429 2814 August„
1448 2786 1547 2808 Enarrat.
1565 2787 1587 2807 in
1605 2786 1639 2808 Ps.
1658 2785 1694 2813 43,
1716 2792 1736 2808 11.
1761 2785 1787 2808 4:
1814 2786 1919 2808 Πρωτεῖ-ιι
1941 2786 1995 2813 tua,
2021 2792 2063 2814 po-

1216 2827 1284 2848 tentia
1301 2828 1351 2853 tua,
1369 2824 1493 2848 brachium
1511 2826 1591 2853 tuum,
1611 2826 1661 2853 ipse
1677 2825 1746 2848 Filius
1763 2828 1823 2847 tuus.

1280 2864 1299 2878 ¹⁰
1316 2864 1388 2887 Codd.
1406 2864 1475 2886 Flaa
1484 2864 1515 2886 bb
1537 2864 1636 2886 addunt:
1654 2864 1699 2887 Per
1721 2863 1764 2887 hoc
1781 2863 1851 2886 ettam
1869 2864 1934 2893 patet
1954 2863 2014 2886 illud
2035 2863 2063 2886 de

1217 2902 1337 2925 voluntate
1354 2902 1445 2930 (obieci.
1464 2902 1507 2931 5.),
1525 2902 1592 2932 quia,
1612 2902 1673 2926 siout
1689 2902 1745 2925 dicit
1760 2902 1836 2931 Hayo,
1860 2911 1870 2923 <t
1882 2902 1994 2926 voluntas
2014 2908 2061 2925 non

1216 2941 1265 2963 emit
1281 2940 1306 2963 in
1323 2947 1384 2970 opus
1400 2940 1448 2963 m'si
1467 2941 1583 2964 mediante
1605 2941 1704 2969 virtute,
1723 2943 1746 2964 et
1761 2941 1810 2964 ideo
1832 2941 1910 2964 virtus
1934 2942 1969 2964 est
1992 2940 2062 2963 ettam

1216 2979 1375 3003 immediatior
1388 2988 1408 3001 n.
