2215 3404
0 1463 7 1471 ⁸.
1 1445 4 1457 —
0 1050 7 1440 -ss-.——.-—-—l—..q—„.—·—r:-i2

848 196 930 224 DIST.
952 196 1051 224 XXXII.
1073 196 1179 225 DUBIA.
1829 200 1883 227 565

883 335 1144 371 SOHOLION.

207 471 221 492 1.
240 471 263 492 ln
279 470 346 492 solut.
364 470 393 492 ad
411 469 431 491 4.
449 468 602 496 respondetur
618 469 647 491 ad
664 469 834 497 quaestionem,
852 475 923 497 quare
941 475 985 491 non

143 509 246 537 dicatur,
264 509 352 530 Patrem
369 508 460 536 operari
478 513 520 535 per
536 507 647 535 Spiritum
665 507 694 535 S„
712 508 771 529 sicut
792 507 885 535 dieitur,
909 509 987 536 ipsum

143 549 234 576 operari
251 554 293 576 per
309 547 398 569 Filium.
409 545 502 569 Certum
514 549 560 574 est,
574 546 662 568 Patrem
675 546 847 568 communicare
859 546 952 573 Spiritui
965 547 986 568 S.

143 586 240 608 eandem
258 585 342 613 agendi
359 585 479 613 virtutem,
497 590 567 613 quam
585 585 740 606 communicat
757 584 819 606 Filio.
831 584 896 606 Ratio
911 585 987 613 igitur,

143 631 215 654 quare
237 631 309 647 unum
330 625 431 653 dicatur,
453 624 550 646 alterum
571 629 629 651 non⁷
651 623 704 645 inde
726 625 813 645 tantum
835 624 884 645 erui
906 626 987 652 potest,

1044 471 1107 498 quod
1124 472 1164 493 soli
1182 472 1237 494 Filio
1254 473 1417 500 approprietur
1433 472 1517 500 virtus,
1537 479 1580 500 pro
1605 480 1651 502 quo
1669 474 1690 495 S.
1708 474 1793 495 Bonax'.
1811 473 1885 501 dupli—

1044 515 1094 530 cem
1112 510 1176 532 affert
1192 511 1311 533 rationem.

1107 549 1130 570 ll.
1147 549 1179 571 De
1198 550 1240 571 bac
1258 552 1345 578 quaest.
1364 552 1459 572 tractant
1475 550 1603 577 B.A1ber1.‚
1624 551 1660 572 bi(-
1677 557 1696 572 a.
1717 551 1738 573 7.
1754 562 1786 567 -—
1798 551 1854 573 Petr.
1872 557 1883 572 a

1045 586 1108 614 Tan,
1127 587 1164 609 hic
1181 593 1202 615 q.
1222 588 1242 609 2.
1260 594 1280 620 a.
1299 588 1319 610 2.
1331 588 1481 610 —Richm-d.
1499 595 1510 610 a
1528 589 1594 615 Med,
1608 589 1644 611 bic
1661 595 1681 610 a.
1700 590 1720 610 2.
1738 595 1760 617 q.
1780 589 1799 610 Ἰ1.
1817 589 1845 611 ad
1863 589 1883 611 5.

1043 625 1150 647 —ttenn
1169 626 1250 653 Gand.‚
1268 627 1290 648 S.
1308 633 1328 648 a.
1347 627 1383 648 39.
1401 633 1423 655 q.
1441 627 1462 649 7.
1480 638 1511 643 —-
1527 627 1621 655 Dionys.
1638 627 1721 655 Carth,
1740 629 1775 650 nic
1792 634 1814 656 q.
1833 628 1853 650 4.

723 772 820 801 DUBIA
842 772 936 800 CtRCA
958 772 1122 801 LlTTERAM
1144 772 1305 801 MAGisTffl.

508 929 576 957 DUB.
602 928 619 956 Ι.

223 1022 250 1050 111
272 1025 351 1059 parte
365 1022 417 1050 ista
438 1024 503 1050 sunt
527 1021 713 1050 dubitationes
731 1022 804 1050 circa
826 1021 945 1049 litteram
961 1024 989 1049 et

144 1070 235 1107 primo
257 1069 292 1098 de
312 1069 419 1097 ratione
434 1068 591 1105 Augustini,
613 1076 685 1105 quae
706 1069 820 1105 ponitur
834 1068 861 1096 in
883 1068 986 1096 littera:

146 1116 179 1145 Si
192 1116 283 1144 Pater
298 1119 338 1144 est
357 1116 475 1152 sapiens
488 1115 635 1152 sapientia
647 1116 760 1152 96111111,
776 1124 865 1153 qaam
877 1115 988 1152 ymittit,

144 1159 171 1192 ἑῖ
191 1162 242 1191 1106
263 1166 304 1190 est
322 1162 349 1190 ei
368 1171 427 1190 6336
448 1162 525 1200 qaod
545 1170 664 1199 sapere,
686 1170 754 1199 erqo
780 1165 821 1189 est
840 1161 988 1198 sapientia

142 1210 250 1247 yenita.
272 1209 388 1238 Videtur
402 1209 476 1240 enim
492 1209 566 1238 istud
587 1212 783 1245 argumentum
804 1217 858 1237 non
880 1208 988 1241 valere.

141 1255 211 1294 'quia
230 1256 298 1285 illud
322 1264 375 1284 non
397 1256 485 1285 valet:
508 1256 560 1284 hoc
582 1259 623 1284 est
653 1256 725 1284 Patri
747 1264 806 1284 6336
827 1255 902 1292 quod
930 1264 990 1292 ope-

145 1303 231 1337 ram]
262 1303 311 1331 sed
339 1306 480 1339 operatur
509 1310 559 1339 per
590 1302 703 1330 Filium:
733 1310 799 1338 ergo
820 1306 861 1329 est
881 1310 931 1338 per
953 1301 991 1329 Fi-

145 1350 224 1378 lium.
247 1350 316 1386 Ergo
337 1350 387 1377 ne'c
402 1349 530 1378 similiter
552 1349 622 1377 illud
638 1351 835 1385 argumentum
858 1348 938 1376 valet.
959 1348 992 1376 Si

146 1400 177 1425 tu
199 1397 298 1429 dieas,
320 1396 395 1433 quod
418 1400 535 1439 nomest
556 1395 662 1429 simile,
683 1395 749 1432 quia
763 1396 873 1432 operari
893 1403 991 1423 conno-

146 1446 186 1471 tat
207 1443 351 1476 effect11m;
380 1442 535 1476 obiicitur,
564 1442 639 1478 quod
667 1442 741 1470 idem
763 1445 804 1470 est
831 1442 903 1470 Patri
932 1450 991 1470 6336

146 1490 219 1527 quod
243 1497 302 1517 6336
332 1489 472 1521 Patrem‚·
502 1489 550 1517 sed
572 1492 663 1517 tamen
696 1488 769 1517 istud
793 1492 990 1525 argumentum

146 1544 201 1564 non
222 1535 309 1564 valet:
333 1535 412 1563 Pater
434 1535 536 1563 deitate
557 1538 599 1563 est
624 1535 711 1568 Deus,
733 1542 800 1571 ergo
828 1534 929 1562 deitate
950 1537 992 1563 est

148 1583 241 1611 Pater:
270 1590 336 1618 ergo
365 1582 491 1610 similiter
520 1590 574 1609 11011
597 1581 670 1609 valet
694 1581 746 1609 1106
774 1585 990 1617 argumentum:

147 1633 189 1658 est
209 1629 318 1666 sapiens
346 1629 480 1665 sapientia
502 1628 608 1665 genita,
637 1636 703 1664 ergo
725 1631 767 1657 est
794 1628 929 1664 sapientia
950 1636 994 1665 ge-

147 1677 205 1705 nita
218 1676 236 1704 ¹.

227 1723 401 1751 Rnsrouniio:
424 1722 595 1756 Dicendum,
623 1722 698 1758 quod
720 1725 918 1759 argumentum
943 1722 994 1750 Au-

147 1769 251 1806 gustini
273 1772 314 1797 est
328 1769 529 1797 necessarium:
552 1769 681 1805 quoniam
704 1776 762 1796 6336
789 1768 948 1805 sapientem
967 1772 993 1797 et

149 1825 207 1845 6336
228 1816 255 1844 in
278 1816 379 1844 divinis
401 1823 454 1843 non
475 1815 609 1844 differunt
631 1815 713 1843 modo
741 1815 850 1844 dicendi
877 1824 893 1843 a
914 1819 993 1852 parte

149 1862 204 1897 rei,
226 1862 272 1891 sed
297 1862 386 1890 solum
412 1870 428 1889 a
457 1865 535 1898 parte
556 1865 659 1890 nostra.
689 1861 745 1889 Non
769 1861 807 1890 sic
835 1864 930 1889 autem
952 1864 994 1889 est

148 1917 207 1937 6336
227 1912 255 1937 et
269 1909 405 1945 operari,
427 1908 567 1944 quoniam.
589 1908 640 1936 etsi
656 1908 776 1944 operari
796 1911 930 1945 quantum
959 1909 991 1937 ad

148 1955 301 1993 principale
329 1955 515 1991 significatum
537 1955 572 1983 sit
600 1955 674 1983 idem
700 1955 775 1991 quod
797 1963 872 1988 6336,
901 1958 993 1983 tamen
1021 1948 1022 1958 ¹

149 2006 284 2039 quantum
306 2002 340 2030 ad
357 2004 533 2029 connotatum
550 2001 654 2035 differt.
669 2005 697 2029 et
716 2004 807 2037 potest
821 2009 881 2030 esse
903 2004 995 2029 extra—

149 2056 249 2081 neum,
271 2051 298 2076 et
319 2048 357 2075 ita
378 2051 468 2084 potest
493 2048 529 2075 ibi
551 2055 612 2075 esse
634 2047 801 2075 accidens?
817 2048 920 2075 Tamen
942 2048 995 2076 hoc

150 2095 225 2132 quod
247 2098 288 2123 est
309 2103 368 2122 6336
388 2095 481 2122 Deum
503 2098 530 2123 et
551 2103 610 2122 6336
631 2095 767 2125 Patrem.
790 2095 919 2131 quamvis
940 2102 994 2122 non

150 2141 280 2170 differant
294 2144 429 2178 quantum
446 2141 481 2169 ad
503 2141 650 2169 essentiam
673 2141 717 2169 vel
732 2140 847 2169 modum
870 2140 995 2174 essendi,

1045 929 1177 958 differunt
1192 934 1284 959 tamen
1300 933 1436 968 quantum
1456 929 1489 957 ad
1507 929 1621 957 modum
1636 937 1665 956 36
1680 928 1818 964 habendi,
1840 931 1886 968 qui

1047 983 1110 1004 vere
1132 980 1172 1005 est
1193 977 1221 1005 in
1243 978 1360 1011 divinis,
1383 976 1508 1006 ε61116613
1534 977 1699 1005 absolutum
1728 981 1754 1006 et
1775 986 1888 1015 eompa—

1045 1026 1161 1057 ratmm·
1175 1026 1202 1052 et
1217 1024 1278 1053 ideo
1293 1032 1348 1052 non
1364 1024 1462 1053 transit
1482 1024 1632 1060 paternitas
1647 1024 1672 1052 in
1689 1025 1886 1054 substantiam.

1044 1069 1115 1097 sicut
1137 1070 1271 1106 sapientia
1280 1081 1286 1104 ;
1315 1070 1377 1099 ideo
1406 1070 1490 1098 babet
1510 1070 1595 1098 alium
1626 1071 1740 1099 modum
1763 1072 1887 1100 dicendi.

1045 1116 1090 1152 qui
1107 1119 1196 1152 potest
1217 1124 1277 1145 esse
1292 1120 1445 1146 extraneus
1466 1120 1594 1153 respectu
1612 1118 1731 1146 alicuius
1752 1119 1887 1147 attributi.

1046 1162 1108 1191 ldeo
1130 1163 1165 1191 ibi
1187 1167 1229 1192 est
1250 1163 1400 1197 accidens,
1421 1172 1476 1192 non
1495 1167 1589 1192 autem
1612 1165 1637 1192 in
1659 1170 1825 1201 argumento
1840 1168 1889 1195 Αυ-

1045 1209 1157 1245 gnstini.

1407 1304 1474 1332 Dra.
1499 1304 1526 1331 11.

1125 1394 1191 1423 Item
1213 1395 1359 1431 quaeritur
1380 1396 1415 1424 de
1437 1396 1488 1424 hnc
1511 1397 1584 1433 quod
1601 1397 1682 1431 dicit,
1704 1399 1777 1435 quod
1800 1399 1890 1428 Pater

1046 1449 1103 1468 iton
1124 1444 1165 1469 631
1184 1441 1303 1478 sapiens
1323 1442 1470 1478 sapientia
1490 1443 1602 1480 qenita,
1625 1444 1675 1472 sed
1696 1444 1833 1481 inqenita.
1849 1446 1891 1474 Vi-

1047 1487 1130 1515 detur
1151 1488 1223 1515 enim
1251 1488 1323 1516 male
1345 1488 1453 1522 dicere,
1482 1489 1547 1526 quia
1569 1490 1640 1518 sicut
1668 1491 1826 1519 aeternitas
1847 1500 1892 1528 ap-

1048 1534 1209 1570 propriatur
1229 1534 1317 1568 Patri,
1340 1535 1377 1563 ita
1397 1535 1544 1572 sapientia
1564 1537 1646 1571 Filio;
1672 1537 1721 1565 sed
1743 1539 1892 1568 aeternitas

1048 1587 1101 1607 non
1130 1579 1213 1608 debet
1240 1580 1293 1608 dici
1319 1580 1466 1618 ingenita,
1495 1582 1567 1610 sicut
1595 1583 1662 1611 dicit
1689 1584 1835 1612 Anselmus
1865 1585 1892 1612 in

1048 1626 1119 1654 libro
1134 1626 1168 1654 de
1190 1626 1380 1663 lncarnatione
1397 1627 1477 1656 Verbi
1491 1628 1516 1655 ⁴:
1539 1636 1606 1665 ergo
1627 1637 1678 1657 nec
1693 1630 1827 1666 sapientia
1848 1639 1893 1667 po-

1050 1676 1101 1701 test
1122 1681 1172 1701 uec
1201 1673 1283 1702 debet
1311 1674 1364 1703 dici
1394 1674 1532 1712 inqenita.
1555 1676 1641 1709 Item,
1671 1676 1693 1705 si
1722 1679 1812 1713 potest
1840 1678 1891 1706 (lici

1049 1719 1183 1756 sapientia
1205 1720 1371 1757 inyenita⁵,
1393 1721 1452 1757 pari
1476 1721 1581 1750 ratione
1603 1725 1693 1758 potest
1714 1723 1767 1751 (1161
1790 1724 1894 1760 sapien-

1051 1767 1086 1794 tia
1110 1767 1288 1803 proeeclens;
1316 1771 1343 1796 et
1369 1768 1406 1796 ita
1434 1768 1562 1803 videtur,
1591 1770 1666 1805 quod
1698 1770 1832 1806 sapientia
1860 1770 1895 1799 sit

1049 1813 1264 1850 appropriabilis
1286 1814 1400 1850 Spiritui
1422 1818 1529 1849 sancto,
1551 1815 1623 1844 sicut
1644 1820 1670 1844 et
1692 1816 1765 1844 Filio.

1128 1860 1208 1888 quta
1231 1861 1283 1889 1106
1304 1861 1474 1898 quaeritur,
1496 1870 1583 1898 quare
1603 1870 1656 1890 non
1679 1863 1781 1891 dicitur
1798 1862 2036 1904 poten-Queffgfflg'iss·

1051 1907 1092 1935 tia
1113 1907 1147 1935 (le
1166 1907 1311 1943 potentia,
1334 1908 1406 1936 sicut
1425 1908 1572 1944 sapientia
1594 1909 1627 1937 cle
1647 1909 1814 1945 sapientia?

1128 1954 1301 1982 RESPONneo:
1334 1954 1502 1988 Dicendum.
1534 1956 1608 1991 quod
1629 1956 1775 1992 sapientia
1796 1958 1838 1984 est
1859 1955 1893 1984 de
1905 1955 2023 1997 Ποῗζξιξθξιξξῖ

1050 2000 1209 2028 nominibus
1230 2000 1329 2029 mediis
1342 2001 1367 2035 ⁶,
1390 2009 1461 2037 quae
1483 2005 1547 2029 sunt
1568 2005 1632 2030 nata
1659 2011 1821 2039 supponere
1841 2010 1892 2039 pro
1905 2002 1962 2020 diurn.

1051 2054 1177 2083 persona.
1202 2047 1231 2075 Et
1246 2047 1308 2075 ideo
1330 2047 1402 2075 sicut
1416 2048 1519 2076 dicitur
1541 2048 1616 2076 06113
1632 2049 1665 2076 (Ze
1689 2049 1756 2082 Deo,
1776 2051 1803 2076 et
1818 2049 1894 2076 06113

1049 2093 1165 2131 genitus
1193 2097 1220 2122 et
1241 2094 1403 2131 inyenitus,
1433 2095 1470 2122 ita
1491 2095 1593 2123 dicitur
1620 2095 1701 2123 etiam
1730 2095 1894 2132 sapieniam

1052 2148 1106 2168 non
1128 2143 1220 2169 tamen
1244 2141 1280 2168 ita
1301 2141 1427 2177 proprie,
1452 2141 1517 2177 quia
1539 2149 1638 2169 nomen
1660 2141 1832 2170 abstractum
1854 2144 1895 2169 est

215 2301 221 2315 ¹
240 2301 290 2324 Vat.
314 2307 367 2323 cuni
389 2301 444 2323 solis
465 2301 519 2323 edd.
543 2300 571 2329 4,
595 2301 609 2322 5
634 2302 717 2324 omittit
741 2307 797 2331 erqo
823 2302 858 2324 est
880 2301 996 2331 sapientia

150 2339 236 2369 qenite.

214 2378 223 2392 ’Ξ
241 2377 340 2405 lntellige
358 2378 394 2400 hic
410 2379 469 2400 sicut
485 2379 541 2400 intra
560 2379 619 2400 circa
636 2378 706 2400 finem
728 2379 862 2401 solutionis:
884 2379 995 2401 fallaciam

152 2416 283 2438 accidentis.

215 2455 224 2469 ³
241 2455 379 2477 Auctoritate
396 2456 551 2483 plurimorum
568 2456 636 2478 codd.
654 2457 796 2478 restituimus
812 2456 914 2485 scilicet,
933 2457 997 2486 quod

152 2494 174 2515 in
192 2494 242 2516 Vat.
260 2494 410 2516 desideratur.
428 2495 470 2516 Pro
487 2494 575 2518 scilicet
590 2494 641 2517 cod.
659 2495 675 2516 Z
691 2494 716 2517 id
732 2496 776 2523 est,
791 2495 827 2518 ed.
843 2497 850 2517 t
867 2495 997 2519 secundum

153 2534 175 2554 et
191 2538 235 2554 non
253 2533 319 2560 pauci
336 2538 391 2554 mss.
408 2532 455 2555 sed.
466 2532 570 2555 Proxime
587 2536 638 2556 ante
657 2539 699 2561 pro
716 2533 758 2563 qai
775 2534 824 2556 Vat.
842 2540 895 2556 cum
908 2534 958 2556 cod.
972 2540 997 2556 cc

152 2570 229 2600 quod;
248 2571 365 2593 mendose.

214 2609 223 2624 ⁴¹
241 2610 330 2632 Titulus
347 2611 436 2638 integer
452 2613 496 2633 est:
515 2610 543 2632 de
559 2610 614 2633 Fide
632 2611 747 2633 Trinitatis
764 2614 785 2633 et
802 2611 831 2634 de
843 2612 997 2634 incarnatione

154 2648 224 2670 Verbi
235 2651 313 2670 contra
325 2648 480 2676 blasphemias
489 2649 590 2671 Ruzelini
600 2650 649 2672 sive
658 2650 779 2678 Roscelini,
789 2651 811 2672 in
822 2657 868 2679 quo
878 2650 936 2672 libro
946 2657 964 2672 c.
975 2652 996 2673 9.

153 2687 274 2709 Anselrnus
291 2687 319 2709 de
337 2688 467 2709 aeternitate
485 2688 553 2709 trium
570 2687 701 2710 divinarum
719 2695 870 2716 personarum
884 2688 998 2711 disserens

153 2726 193 2748 ait:
216 2734 226 2745 α
238 2726 264 2748 Et
280 2726 389 2754 quoniam
408 2727 448 2748 ista
467 2727 572 2748 nativitas
588 2729 610 2749 et
626 2727 667 2749 ista
685 2728 802 2754 processio
819 2728 868 2749 sinc
884 2728 997 2755 principio

153 2766 218 2792 suntg
236 2764 336 2792 alioquin
363 2765 483 2786 aeternitas
508 2768 559 2787 nata
582 2767 604 2787 et
625 2766 745 2788 aeternitas
771 2766 912 2794 procedens,
935 2766 997 2795 quod

155 2803 235 2825 falsum
254 2806 298 2830 est,
316 2803 384 2825 babet
401 2804 555 2831 principium:
572 2810 719 2832 nequaquam
737 2805 809 2827 Deum
822 2806 936 2832 incepisse
947 2811 997 2827 esse

155 2841 245 2863 Patrem
261 2844 300 2863 aut
318 2841 398 2863 Filium
416 2845 453 2864 aut
471 2842 581 2869 Spiritum
599 2845 703 2865 sanetum
722 2844 822 2871 cogitare
834 2843 948 2865 debemus
960 2846 998 2866 aut

154 2885 280 2907 possumus
292 2888 312 2902 12.
331 2880 360 2902 lta
378 2883 451 2902 textus
468 2881 595 2908 originalis,
613 2887 683 2909 quem
700 2882 761 2904 Alex.
779 2882 834 2910 Hal,
853 2883 874 2904 S.
896 2889 918 2910 p.
938 2883 951 2904 1.
975 2889 996 2911 q.

156 2917 195 2940 67.
212 2924 242 2939 m.
265 2919 282 2940 l.
301 2919 369 2945 paulo
387 2919 450 2941 aliter
467 2919 535 2941 refert
551 2920 596 2942 sic:
617 2928 627 2940 ‹1
639 2920 775 2943 Anselmus:
798 2921 862 2943 Unus
883 2924 915 2942 est
937 2920 998 2943 Deus

156 2957 220 2979 Pater
236 2960 258 2979 et
275 2957 343 2979 Filius
360 2960 381 2979 et
398 2958 495 2985 Spiritus
512 2960 611 2981 sanctus.
628 2959 653 2981 Et
678 2959 828 2987 postmodum
850 2960 947 2987 loquens
969 2960 997 2982 de

1052 2303 1168 2324 nativitate
1185 2305 1207 2325 et
1223 2303 1370 2330 processione
1388 2303 1454 2331 dicit,
1472 2303 1535 2331 quod
1553 2304 1659 2325 nativitas
1676 2306 1698 2326 et
1714 2304 1831 2331 processio
1849 2304 1896 2325 sine

1053 2342 1165 2369 principio
1172 2343 1231 2369 sunt,
1242 2342 1342 2369 alioquin
1353 2344 1412 2363 esset
1422 2342 1542 2363 aeternitas
1553 2344 1603 2363 nata
1617 2344 1638 2363 et
1650 2340 1897 2369 procedens:—quod

1053 2380 1135 2402 salsum
1153 2384 1228 2402 est—
1238 2386 1385 2409 nequaquam
1397 2380 1470 2402 Deum
1483 2380 1567 2402 habere
1581 2381 1719 2408 principium
1732 2383 1769 2401 ant
1787 2380 1898 2407 incepisse

1055 2419 1142 2441 Patrem
1163 2422 1202 2441 aut
1229 2419 1307 2441 Filium
1330 2421 1369 2441 aut
1393 2419 1502 2446 Spiritum
1528 2421 1631 2441 sanctum
1658 2419 1758 2446 cogitare
1777 2418 1896 2440 debemus.

1054 2458 1083 2479 Ex
1100 2459 1143 2480 boc
1160 2464 1216 2486 ergo
1234 2458 1325 2480 videtui·
1342 2458 1452 2486 relinqui,
1471 2457 1534 2486 quod
1552 2463 1605 2479 cum
1623 2458 1744 2479 aeternitas
1756 2463 1800 2478 non
1814 2456 1897 2478 debeat

1053 2496 1096 2519 dici
1115 2500 1165 2518 nata
1182 2497 1219 2519 vel
1237 2496 1377 2524 procedens,
1396 2497 1458 2524 quod
1476 2497 1582 2518 convenit
1598 2496 1638 2518 soli
1657 2496 1746 2518 Patri».
1769 2495 1834 2517 Hunc
1856 2495 1897 2517 An-

1053 2536 1117 2557 selmi
1135 2536 1226 2563 locum,
1252 2536 1310 2557 sicut
1331 2535 1360 2557 ab
1383 2535 1444 2557 Alex.
1468 2535 1515 2557 Ilal.
1539 2535 1671 2563 exhibetur,
1694 2535 1715 2556 S.
1738 2535 1823 2556 nonav.
1846 2537 1897 2556 ante

1052 2575 1130 2596 oculos
1148 2574 1255 2596 babuisse
1277 2578 1299 2597 et
1320 2581 1347 2596 ex
1369 2580 1397 2596 eo
1419 2575 1554 2596 sententiam
1577 2575 1687 2596 sumsisse
1710 2573 1811 2600 vidntur,
1835 2572 1897 2601 quod

1053 2614 1173 2635 aeternitas
1190 2619 1234 2635 non
1252 2613 1334 2635 debeat
1351 2613 1395 2635 dici
1412 2612 1480 2635 nasei
1496 2619 1570 2641 neque
1588 2611 1702 2641 inqem‘ta,
1723 2618 1792 2640 quam
1810 2614 1897 2633 senten-

1053 2653 1106 2674 tiam
1124 2652 1207 2679 probat
1223 2652 1245 2673 in
1263 2658 1326 2679 corp.
1344 2652 1469 2673 solutionis
1486 2663 1518 2667 —
1535 2652 1592 2679 Vat.‚
1610 2650 1760 2673 renitentibus
1777 2656 1831 2672 mss.
1856 2656 1897 2672 nei·

1053 2697 1097 2712 non
1115 2690 1150 2712 ed.
1175 2691 1190 2717 l,
1203 2696 1246 2718 pro
1258 2689 1362 2719 inqenita
1378 2690 1493 2712 substituit
1510 2689 1599 2719 aenan,
1613 2696 1657 2718 qua
1670 2690 1766 2711 lectione
1776 2695 1897 2716 argumen-

1053 2731 1101 2751 tum
1119 2729 1251 2753 destruitur.
1269 2729 1338 2751 Paulo
1355 2730 1462 2756 superius
1474 2735 1516 2756 pro
1529 2728 1584 2758 quia
1599 2728 1661 2751 sicut
1676 2728 1739 2750 multi
1758 2727 1825 2749 codd.
1844 2733 1896 2749 611111

1054 2767 1090 2789 ed.
1113 2768 1118 2789 1
1140 2767 1195 2796 quisi
1212 2767 1246 2795 si,
1266 2768 1306 2795 qui
1323 2769 1345 2789 et
1361 2767 1413 2789 dein
1432 2768 1538 2789 omittunt
1555 2766 1605 2795 1111,-
1622 2768 1755 2794 incongrue.
1885 2781 1887 2784 .

1116 2805 1125 2819 ⁵
1143 2806 1165 2827 ln
1184 2805 1234 2827 cod.
1252 2805 1271 2826 Υ
1289 2806 1325 2827 bic
1342 2805 1435 2827 additur
1451 2806 1569 2835 quantum
1585 2804 1617 2827 ad
1633 2804 1729 2832 Filium,
1744 2807 1764 2826 et
1777 2804 1846 2831 paulo
1864 2804 1897 2825 in-

1053 2844 1123 2866 terius
1139 2846 1192 2872 post
1205 2843 1336 2872 procedens
1352 2845 1374 2865 in
1392 2844 1474 2866 eodem
1492 2843 1543 2865 cod.
1561 2843 1580 2864 Y
1597 2847 1619 2865 ct
1636 2844 1657 2864 in
1676 2842 1742 2864 codd.
1762 2842 1806 2864 BD
1822 2848 1896 2871 qnan-

1053 2884 1104 2905 tum
1122 2882 1153 2904 ad
1170 2881 1287 2911 Spiritum
1303 2883 1420 2905 sancium.

1116 2920 1125 2935 ⁶
1142 2920 1187 2943 Cir.
1205 2927 1274 2948 supra
1293 2920 1314 2942 d.
1333 2920 1353 2942 5.
1372 2927 1392 2943 a.
1420 2921 1436 2943 i.
1455 2928 1477 2949 q.
1496 2922 1516 2942 i.
1540 2922 1561 2942 in
1583 2927 1646 2948 corp.
1663 2932 1695 2937 ·-
1712 2920 1781 2941 Panlo
1802 2919 1895 2941 inferius

1054 2962 1106 2988 post
1121 2959 1236 2989 sapientia
1253 2959 1304 2982 cod.
1322 2959 1354 2981 dd
1372 2959 1429 2982 bene
1447 2960 1510 2982 addit
1526 2959 1553 2982 (16
1569 2958 1692 2988 sapientia.
