2215 3404
167 447 302 466 Fundamenta.

167 1573 240 1596 Duplex
252 1578 295 1590 eon—

191 1596 284 1614 formatio.

167 1714 293 1731 Cousormatio

179 1742 216 1755 sec.
231 1737 295 1755 simili-

177 1760 259 1778 tudinem
267 1761 299 1778 tri-

176 1784 224 1807 plex.

168 2088 266 2107 Conclusio
280 2089 294 2106 t.

178 2112 298 2130 trimembris.

306 176 362 203 852

306 252 414 281 tc'aliler
445 255 486 280 est
518 251 658 280 conforme
680 250 776 284 alicui,
808 249 992 279 essentialiter
1023 249 1151 277 convenit

305 307 369 328 cum
385 299 447 331 illo,
468 301 495 326 et
516 297 590 334 quod
607 296 790 326 essentialiter
805 296 948 330 convenit,
969 298 1011 324 est
1025 295 1151 324 eiusdem

305 344 455 373 essentiae:
478 351 544 380 ergo
566 347 616 372 etc.

386 391 515 419 CONTRA:
542 392 565 418 l.
586 390 694 418 Primae
715 389 750 418 ad
772 389 929 418 Corinthios
950 391 1030 417 sexto
1043 389 1063 416 ¹:
1096 387 1154 423 Qui

307 437 447 467 adhaeret
467 438 525 465 Deo
547 445 626 465 ‘unas
646 436 771 473 spiritus
793 439 854 469 est;
876 435 924 464 sed
946 444 1000 464 non
1016 439 1057 463 est
1078 442 1152 463 unus

307 485 422 522 spiritus
443 492 493 521 per
514 484 649 513 unitatem
679 487 826 512 naturae:
849 490 914 520 ergo
946 485 987 511 est
1008 489 1082 511 unus
1102 489 1152 519 per

307 531 529 560 conformitatem
551 530 718 558 voluntatis.

386 579 411 606 ⁹2.
434 578 517 611 Item,
539 577 666 606 Matthaei
689 577 856 605 duodecimo
870 576 896 604 2ε
922 575 1022 604 Omnis
1044 575 1095 613 qui
1108 574 1153 612 fa-

308 626 346 654 cit
368 625 542 653 voluntatem
568 625 672 653 Patris
693 624 763 657 mei,
786 624 838 662 qui
858 627 899 652 esc
925 623 956 651 in
977 623 1085 656 caelis,
1107 622 1153 650 ille

309 680 388 700 meus
402 671 499 708 frater
521 675 545 699 ct
559 680 645 699 soror
666 674 733 705 etc.;
749 671 797 700 sed
819 678 873 699 non
888 673 929 699 est
950 677 1062 704 verum,
1078 669 1153 706 quod

308 719 343 748 sit
373 719 459 747 frater
482 727 530 756 per
561 718 796 756 propinquitatem
829 718 985 754 sanguinis:
1019 725 1084 753 ergo
1112 719 1154 745 est

308 766 392 794 frater
414 773 463 802 per
485 765 705 793 conformitatem
728 764 878 793 voluntatis
899 767 926 793 et
947 763 1109 793 dilectionis.

387 812 411 840 3.
434 812 516 843 Item.
538 819 729 848 quascumque
752 812 908 840 voluntates
929 811 1061 848 contingit
1083 810 1153 839 velle

309 859 381 887 idem
414 862 441 887 et
462 859 532 887 velle
568 858 719 895 opposita,
754 858 886 894 contingit
918 856 1104 894 conformari
1128 860 1154 885 et

308 905 479 944 difformari
499 905 556 933 sive
578 904 761 938 contrariari3
783 905 832 933 sed
854 904 982 933 voluntas
1013 904 1107 932 divina
1128 906 1155 932 et

308 954 431 981 humana
452 956 517 981 sunt
540 952 718 980 huiusmodi:
742 952 793 980 hoc
816 952 924 988 patet³³
946 959 1012 994 ergo
1033 954 1084 979 etc.

381 1000 406 1028 [ι.
424 1000 499 1033 Item.
511 1006 704 1036 quascumque
720 989 877 1027 voluntates
891 997 1024 1034 contingit
1039 997 1074 1026 ad
1089 997 1155 1025 invi⁴

307 1054 367 1075 cem
383 1046 505 1074 ordinari
523 1053 572 1082 per
588 1045 738 1082 perfectam
755 1045 970 1081 praesidentiam
986 1047 1012 1073 et
1026 1044 1155 1073 obedien-

310 1094 387 1123 tiam.
407 1093 539 1129 contingit
563 1093 597 1120 ad
623 1092 739 1121 invicem
756 1092 937 1124 conformari;
966 1092 1013 1120 sed
1031 1091 1155 1120 volunta-

308 1142 364 1168 tem
379 1140 531 1167 humanam
547 1139 680 1175 contingit
701 1138 811 1167 divinae
826 1146 876 1175 per
898 1138 991 1166 onmia
1010 1138 1155 1166 subiacere

308 1189 334 1215 et
356 1185 469 1214 obedire
486 1186 505 1213 ':
529 1193 595 1222 crgo
617 1189 667 1214 etc.

624 1272 838 1292 CONCLUSIO.

317 1343 453 1371 Voluntas
475 1341 608 1370 bumana
626 1346 718 1379 potest
739 1341 927 1379 conformari
948 1341 1091 1370 voluntati
1115 1341 1156 1369 (li-

388 1390 471 1417 oinac
490 1398 543 1426 pei·
564 1389 691 1417 similem
713 1388 913 1417 habitudinem
928 1389 969 1417 ad
982 1393 1096 1422 actum,
1116 1389 1156 1417 acl

387 1436 527 1464 obiectum
549 1440 573 1463 et
595 1436 635 1464 ad
654 1435 750 1472 linem.

388 1515 566 1543 Rsssposnsso:
598 1514 771 1548 Dicendum,
804 1514 878 1551 quod
900 1514 1015 1552 aliquid
1042 1513 1156 1551 confor-

307 1562 389 1590 mari
409 1562 502 1590 alicui
522 1562 655 1598 contingit
681 1561 848 1598 dupliciter:
881 1564 930 1589 aut
951 1564 1087 1598 quantum
1119 1561 1153 1590 ad

307 1609 528 1637 similit]ulincm
542 1631 550 1642 ,
572 1612 621 1637 aut
642 1612 778 1646 quantum
801 1609 836 1637 ad
858 1608 1065 1637 habitudinem.

387 1657 526 1692 Quantum
550 1656 582 1684 ad
606 1656 830 1684 similitudinem
848 1655 981 1692 contingit
996 1656 1153 1692 tripliciter:

308 1706 357 1731 aut
378 1703 490 1740 quando
511 1702 605 1739 aliqua
626 1703 682 1730 duo
704 1702 870 1739 participant
892 1702 1027 1734 tertium,
1051 1702 1076 1729 in
1099 1710 1155 1738 quo

307 1750 516 1783 assimilantur,
539 1753 569 1777 ut
590 1757 695 1786 cygnus
717 1753 743 1777 et
765 1750 814 1777 nix
847 1749 874 1777 in
888 1749 897 1763 ⁵
928 1749 1075 1783 albedine:
1107 1752 1155 1777 aut

309 1805 373 1825 cum
396 1797 487 1833 aliqua
511 1796 567 1825 duo
589 1797 627 1824 sic
650 1804 679 1825 se
708 1796 826 1827 habent,
847 1796 921 1832 quod
951 1804 1039 1823 unum
1061 1799 1103 1824 est
1123 1796 1156 1824 si-

310 1844 439 1872 militudo
470 1844 610 1876 alterins,
644 1847 674 1871 nt
696 1844 801 1879 species
833 1843 933 1871 coloris
965 1843 1023 1871 sive
1049 1843 1155 1871 idolum

308 1892 479 1920 assimilatur
514 1891 599 1919 colori
632 1891 690 1919 sive
723 1890 929 1920 conformatur:
961 1893 1009 1918 aut
1044 1890 1156 1927 quaudo

308 1938 413 1976 aliquid
443 1938 607 1975 participat
629 1937 857 1967 similitudinem.
890 1940 920 1965 ut
943 1936 1089 1973 speculum
1113 1937 1155 1965 vel

308 1986 407 2014 oculus
428 1985 600 2014 assimilatur
623 1985 665 2013 vel
688 1985 878 2013 conformatur
908 1984 1016 2021 corpori
1040 1984 1155 2025 obiecto.

390 2033 480 2061 Primo
503 2032 584 2060 modo
606 2040 659 2060 non
682 2035 723 2060 est
746 2032 885 2068 possibile,
907 2031 1029 2068 aliquam
1051 2035 1157 2060 creatu-

309 2088 368 2108 ram
392 2080 448 2108 Deo
466 2079 641 2108 conformari.
664 2079 791 2107 Secundo
815 2079 896 2106 modo
910 2078 1001 2115 aliqua
1025 2083 1155 2107 creatura

995 171 1246 200 SENTENTIARUM
1268 170 1327 198 tte.
1351 171 1366 198 Ι.

1210 248 1266 277 Deo
1289 248 1494 280 conformatur.
1516 251 1546 276 ut
1562 251 1629 285 puta
1644 248 1741 283 gratia,
1757 256 1829 284 quae
1844 248 1946 276 dicitur
1961 247 2054 276 simili-

1210 295 1278 322 tudo
1293 295 1351 327 Dei,
1366 294 1409 322 vel
1425 294 1521 330 gloria,
1537 302 1608 331 quae
1622 297 1663 322 est
1676 294 1855 322 deiformitas.
1868 294 1960 322 Tertio
1972 295 2054 323 modo

1210 341 1381 369 assimilatur
1396 344 1422 369 et
1434 341 1623 369 conformatur
1638 341 1739 375 anima,
1754 349 1825 378 quae
1840 341 1924 370 hahet
1936 341 2052 378 gratiam

1210 391 1237 417 et
1258 388 1384 425 gloriam.
1410 388 1446 416 De
1469 388 1520 416 hac
1542 388 1733 416 conformitate
1755 388 1823 416 nihil
1845 388 1879 416 ad
1902 396 2042 424 praesens.

1284 431 1346 463 'Alio
1369 435 1450 463 modo
1482 435 1614 471 contingit
1645 435 1811 463 conformari
1834 435 1939 472 aliquid
1971 435 2209 482 alicnifflsslffliitilffl

1210 482 1364 510 secundum
1387 481 1565 509 consimilem
1581 480 1780 510 habitudinem
1795 481 1853 510 sive
1875 482 2055 519 comparatio<
2076 477 2139 528 dgn'em
2163 486 2196 506 du-

1210 536 1292 560 nem.
1324 536 1395 565 qnae
1416 530 1506 565 potest
1528 528 1582 556 dici
1610 528 1780 565 proportio,
1803 536 1865 557 cum
1896 531 1937 557 est
1959 536 2056 557 rerum
2077 515 2127 533 'mx‘

1209 575 1336 604 eiusdem
1358 575 1482 612 generis,
1504 578 1530 603 et
1552 575 1833 612 proportionalitas,
1863 583 1927 604 cum
1949 578 1991 604 est
2016 583 2056 604 re·
2202 569 2211 626 J}

1211 630 1274 650 rum
1290 622 1467 651 diversorum
1483 630 1616 659 generum
1633 622 1691 651 sive
1705 630 1759 650 nou
1775 622 2055 656 communicantium,

1211 672 1239 697 ut
1264 668 1311 697 fiat
1332 669 1374 697 vis
1395 669 1421 697 in
1445 669 1530 697 verbo
1541 669 1558 696 ⁶.
1582 670 1667 705 Large
1696 672 1786 697 tamen
1816 669 1955 706 loquendo
1983 671 2057 697 utra-

1211 724 1265 754 que
1287 719 1376 754 potest
1398 716 1451 745 dici
1469 716 1622 753 proportio
1630 726 1640 749 ,·
1661 719 1688 745 et
1708 716 1777 744 haec
1798 716 1867 744 nihil
1888 716 1965 753 ponit
1987 724 2058 744 com-

1213 771 1312 797 mune,
1334 764 1399 800 quia
1413 766 1455 792 est
1469 771 1518 800 per
1534 763 1769 799 comparationem
1785 763 1913 791 (luorum
1930 762 1970 791 acl
1984 762 2056 796 cluo,

1211 813 1238 839 et
1259 813 1349 847 potest
1370 818 1430 838 esse
1452 813 1479 838 et
1499 813 1541 839 est
1562 810 1634 838 inter
1655 817 1764 838 summe
1786 810 1924 838 distantia.

1292 857 1322 886 Et
1344 857 1497 886 secundum
1521 858 1592 885 hanc
1614 859 1703 894 potest
1725 857 1853 886 voluntas
1881 860 1976 886 nostra
1997 865 2187 887 Gon-Conclusio&

1212 904 1328 932 formari
1349 904 1475 937 divinae,
1498 904 1627 932 videlicet
1651 912 1701 941 per
1723 903 1841 932 similem
1863 903 2055 933 habitudinem

1212 951 1253 979 acl
1274 954 1390 984 uelum,
1412 953 1456 985 ut,
1485 951 1557 979 sicut
1578 950 1653 979 Deus
1673 950 1747 988 quod
1771 950 1831 979 vutt
1858 950 1919 979 vult
1940 950 2058 979 liberali-

1213 1001 1254 1026 ter
1287 1001 1313 1026 et
1345 997 1503 1031 caritative,
1536 997 1573 1025 ita
1604 999 1630 1025 et
1655 997 1755 1030 homo;
1781 999 1813 1025 et
1838 1005 1887 1033 per
1919 996 2058 1026 similem⁷

1213 1045 1447 1082 comparationem
1471 1044 1511 1073 acl
1525 1044 1678 1078 obiectum,
1695 1047 1725 1073 ut
1740 1044 1815 1081 quod
1831 1044 1892 1073 vult
1914 1044 1999 1078 Deus,
2015 1052 2058 1073 ve-

1214 1091 1244 1119 lit
1259 1092 1358 1125 homog
1379 1093 1406 1119 et
1428 1091 1523 1119 eodem
1538 1090 1611 1128 sine,
1634 1099 1689 1127 quo
1705 1091 1764 1119 vult
1775 1091 1858 1125 Deus.
1879 1091 1944 1120 velit
1965 1091 2056 1120 homo.

1214 1138 1266 1166 Hoc
1290 1141 1377 1166 totum
1399 1137 1531 1174 possibile
1552 1140 1594 1166 est
1614 1145 1690 1171 esse,
1712 1140 1739 1166 et
1756 1140 1842 1166 totum
1866 1137 1995 1174 possibile
2017 1140 2058 1166 est

1212 1193 1266 1213 non
1288 1193 1365 1218 esse;
1386 1189 1413 1213 et
1435 1185 1496 1213 ideo
1518 1184 1649 1221 possibile
1671 1188 1724 1216 est.
1740 1185 1911 1213 voluntatem
1933 1188 2057 1213 nostram

1213 1232 1323 1261 divinae
1346 1231 1511 1260 conformari
1537 1234 1564 1260 et
1588 1231 1750 1260 difformari.
1767 1249 1804 1252 -
1821 1232 1850 1260 Et
1865 1232 2058 1261 concedendae

1213 1283 1278 1308 sunt
1301 1279 1421 1307 rationes
1442 1279 1477 1307 ad
1499 1279 1559 1307 hoc.

1294 1330 1317 1356 l.
1341 1329 1367 1356 ⁹2.
1389 1328 1426 1355 Ad
1450 1327 1519 1355 illud
1541 1335 1607 1363 ergo
1628 1327 1703 1364 quod
1718 1327 1863 1361 obiicitur,
1885 1327 1960 1364 quod
1975 1326 2059 1356 distat
2071 1336 2142 1363 solutio
2155 1341 2186 1360 ομ
2206 1349 2207 1363 ,

1214 1375 1288 1404 Deus
1302 1375 1337 1403 ab
1352 1375 1473 1409 homine,
1488 1377 1515 1402 et
1530 1374 1653 1402 humana
1669 1374 1797 1402 voluutas
1815 1382 1831 1402 a
1846 1373 1940 1402 dlvina
1954 1373 1982 1402 in
2001 1373 2059 1402 infi-
2076 1361 2185 1384 ”⁰⁵¹²⁰¹¹¹¹¹¹’

1213 1421 1318 1455 nitum3
1341 1421 1394 1449 iam
1417 1423 1492 1457 patet
1513 1420 1670 1457 responsio:
1699 1420 1765 1457 quia
1786 1420 1839 1448 hoc
1860 1428 1913 1448 non
1944 1419 2059 1456 impedit

1213 1468 1434 1497 conformitatem
1457 1467 1702 1503 comparationis,
1722 1467 1785 1495 licet
1800 1467 1933 1504 impediat
1954 1467 2058 1495 confor-

1213 1515 1337 1543 mitatem
1360 1514 1548 1552 aequalitatis
1569 1518 1596 1542 et
1617 1514 1840 1542 univocationis.

1293 1562 1318 1590 3.
1340 1562 1379 1590 Ad
1401 1561 1471 1590 illud
1493 1561 1566 1598 quod
1583 1561 1726 1595 obiicitur,
1741 1564 1837 1589 utrum
1853 1569 1882 1590 se
1898 1561 1958 1598 ipsa
1972 1561 2016 1590 vel
2031 1561 2057 1590 in

1214 1609 1294 1637 tertio
1315 1609 1520 1642 conformetur3
1542 1608 1705 1642 dicendum,
1732 1608 1806 1645 qnod
1835 1617 1890 1637 non
1912 1616 1941 1637 se
1963 1608 2057 1645 ipsass,
2072 1618 2183 1637 Notandum.

1212 1656 1264 1684 nisi
1288 1655 1437 1692 loquamur
1459 1655 1492 1683 de
1514 1655 1706 1684 conformitate
1728 1655 1904 1693 lonqinqua,
1930 1663 2002 1692 quae
2021 1658 2058 1684 at-

1213 1702 1336 1731 tenditur
1358 1702 1384 1730 in
1407 1702 1543 1739 imayine.
1566 1702 1591 1730 Si
1614 1706 1706 1730 autem
1732 1702 1880 1739 loquamur
1898 1702 1933 1731 de
1954 1703 2059 1731 confor-

1213 1750 1307 1778 mitate
1327 1749 1512 1787 propinqua,
1544 1757 1615 1786 quae
1636 1749 1760 1778 consistit
1793 1749 1818 1777 in
1847 1749 2057 1783 similitudine,

1213 1796 1250 1824 sic
1273 1804 1327 1824 non
1349 1803 1378 1824 se
1401 1796 1459 1833 ipsa
1491 1797 1697 1831 conformatur,
1719 1796 1767 1825 sed
1790 1796 1929 1825 mediante
1951 1797 2057 1833 gratia.

1213 1851 1284 1880 qnae
1306 1851 1359 1871 non
1382 1848 1423 1872 est
1445 1847 1576 1880 tanquam
1606 1844 1718 1872 tertium
1742 1844 1776 1872 ab
1805 1846 1925 1881 utroque
1950 1843 2059 1881 partici-

1213 1894 1325 1927 patum.
1348 1890 1396 1919 sed
1419 1893 1460 1918 est
1481 1890 1553 1918 sicut
1576 1890 1739 1919 similitudo
1771 1890 1861 1918 runius
1883 1894 1910 1919 et
1927 1890 2059 1928 proprie-

1214 1942 1259 1966 tas
1281 1938 1412 1966 alterins.
1430 1938 1505 1966 Unde
1526 1938 1615 1975 gratia
1630 1941 1671 1966 est
1691 1937 1845 1966 similitudo
1859 1938 2059 1971 essentialiter3

1213 1993 1266 2012 non
1289 1988 1379 2013 tamen
1407 1987 1529 2021 oportet,
1562 1984 1636 2021 quod
1658 1984 1842 2012 essentialiter
1874 1984 2059 2012 conveniant⁰

1214 2031 1244 2059 in
1267 2031 1362 2064 tertio,
1384 2031 1450 2068 quia
1471 2031 1624 2059 similitudo
1651 2039 1680 2059 se
1702 2031 1762 2067 ipsa
1790 2031 1918 2059 convenit
1940 2039 2004 2059 cum
2026 2039 2059 2060 eo

1214 2079 1294 2107 cuius
1316 2081 1357 2106 est
1376 2078 1546 2111 similitudo;
1568 2081 1594 2106 et
1616 2078 1654 2106 sic
1676 2081 1771 2115 patent
1791 2077 1873 2106 ambo
1894 2078 2009 2107 obiecta.

374 2247 379 2260 ¹
402 2247 464 2269 Vers.
488 2247 520 2269 17.
549 2247 656 2274 Vulgata:
683 2248 725 2275 Qui
743 2250 819 2269 autom
843 2247 952 2269 adhaeret
976 2248 1071 2270 Domino
1099 2254 1157 2269 uuus

311 2287 405 2314 spiritns
423 2289 463 2308 cst.

373 2325 382 2339 ‘²
401 2326 464 2347 Yers.
484 2325 520 2346 50.
541 2324 648 2352 Vulgata:
667 2325 811 2353 Quicumque
824 2326 884 2346 enim
899 2325 975 2347 t'cccrit
992 2325 1156 2347 voluntatem...

311 2365 390 2391 caelis,
409 2365 458 2392 ipsc
476 2370 541 2386 incus
559 2365 626 2386 fratr-1·
643 2368 685 2386 ctc.

329 2399 332 2402 ⁴
373 2403 382 2417 3
400 2403 443 2425 cn:
463 2404 570 2431 August.y
588 2404 688 2425 Euarrat,
709 2404 728 2425 2.
748 2404 768 2424 iu
788 2404 868 2425 I‘salm.
887 2403 923 2425 31.
943 2410 963 2425 u.
982 2404 1018 2425 26.

374 2442 382 2456 4
401 2442 444 2464 Cir.
463 2443 571 2470 August..
591 2443 690 2464 Euarrat.
709 2443 729 2464 iu
749 2443 830 2464 psalm.
855 2442 895 2469 tt,
913 2443 934 2464 7.
953 2443 996 2465 suh
1024 2449 1043 2465 n.
1075 2443 1112 2471 17,
1137 2446 1158 2465 et

314 2482 365 2503 N‘lll.
384 2481 412 2503 de
430 2482 485 2503 ficu.
503 2481 532 2503 ad
549 2481 579 2503 lit.
598 2489 616 2503 c.
637 2482 673 2503 23.
693 2488 713 2503 n.
733 2481 768 2503 44..

402 2520 458 2541 tlnm
478 2520 526 2542 Yat.
545 2521 680 2542 retinuimus
698 2519 735 2547 in,
755 2521 795 2542 etsi
814 2521 869 2542 haec
886 2521 996 2548 particula
1014 2521 1035 2542 in
1054 2521 1158 2548 plurimis

312 2559 379 2581 codd.
398 2559 547 2581 ‹lcsidcratun
567 2559 621 2581 Cod.
641 2559 672 2587 X,
691 2560 729 2587 qui
748 2560 815 2581 ctiam
834 2560 916 2582 omittit
932 2559 968 2587 in,
993 2566 1035 2587 pro
1053 2559 1159 2582 albedine

312 2599 402 2621 exhibet
420 2598 562 2626 athlantem,
588 2600 688 2620 rct'crcns
714 2600 771 2620 hanc
789 2605 870 2621 vocem
897 2599 926 2621 ad
944 2599 1042 2621 rcrbum
1063 2599 1159 2628 partici-

312 2639 380 2667 pant,
410 2644 479 2666 quam
507 2638 625 2659 lectioni-ni
652 2639 755 2666 sequitur
777 2638 848 2660 Murra
875 2639 896 2660 in
922 2645 964 2661 suo
990 2638 1159 2661 Commentario

313 2677 432 2699 auec-doto.
451 2677 585 2704 Exemplum
598 2678 619 2698 iu
633 2676 734 2698 sccundo
753 2677 910 2699 disiunctiouis
928 2677 1033 2699 membro
1051 2678 1159 2700 allatum:

313 2717 340 2738 nt
356 2715 441 2745 species
459 2715 544 2739 coloris
561 2715 608 2738 sire
625 2715 716 2738 idolum.
738 2715 888 2738 assimilatur
905 2715 981 2739 colori
1002 2715 1049 2739 sice
1066 2716 1160 2745 consor-

313 2756 408 2782 malur‚
428 2755 449 2776 in
462 2754 529 2776 codd.
548 2754 703 2776 diversimode
719 2755 846 2776 mutilatum
859 2754 985 2777 exhibetur.
1003 2755 1079 2777 Plures
1091 2755 1158 2777 codd.

314 2794 345 2814 sic
364 2793 475 2815 rosei-unt:
496 2793 520 2815 ul
537 2791 623 2821 species
641 2792 726 2815 colori-s·
743 2792 791 2815 sive
809 2792 990 2821 consornintnr;
1008 2793 1058 2815 cod.
1079 2793 1108 2821 Υ,
1127 2793 1161 2814 in-

314 2838 384 2859 super
401 2833 492 2854 «anissis
509 2832 607 2854 xocihus
624 2831 671 2854 sine
692 2831 868 2860 conformentur,
889 2832 943 2860 legit
965 2833 1008 2854 sic:
1027 2833 1054 2854 ut
1075 2831 1160 2861 species

314 2870 415 2899 col0172s=;
427 2871 477 2893 cod.
492 2871 520 2892 ll:
540 2872 564 2893 nt
581 2870 666 2899 species
684 2870 769 2893 colori-s·
781 2870 1013 2899 sibicoizf01·uiatu7·‚-
1025 2870 1075 2893 cod.
1090 2871 1103 2892 F
1116 2871 1161 2893 cla-

315 2911 374 2932 rius:
395 2911 419 2932 nt
435 2910 521 2939 specim·
538 2909 624 2933 coloris
636 2909 681 2938 ipsi
697 2909 772 2932 colori
783 2909 950 2938 conformatur
959 2918 968 2937 ‚⁴
985 2910 1021 2931 cd.
1044 2910 1048 2931 1
1062 2907 1091 2931 ὀι
1111 2910 1159 2932 Vnt.

316 2949 425 2977 doniquv:
441 2951 466 2971 ut
480 2949 566 2978 species
578 2948 664 2972 coloris
676 2948 723 2971 ssi-e
734 2948 822 2971 [dolum
841 2949 990 2972 assimilatur
1007 2949 1054 2972 slve
1071 2949 1161 2978 confor-

1213 2248 1295 2269 matur
1313 2246 1368 2270 Iovi.
1386 2246 1465 2268 Nostra
1483 2247 1549 2268 lectio
1567 2246 1644 2267 nititur
1656 2246 1787 2267 auctoritato
1800 2245 1866 2267 codd.
1886 2245 1903 2267 ll
1915 2245 1932 2267 l(
1944 2246 1962 2266 Μ
1974 2245 1992 2267 Τ
2003 2245 2022 2267 V
2039 2248 2061 2267 ct

1214 2286 1267 2308 cdd.
1289 2287 1314 2311 ἱ),
1336 2286 1356 2308 3.
1375 2286 1435 2314 Quid
1453 2286 1481 2307 sit
1497 2285 1584 2307 idoluui
1607 2284 1659 2306 xidc
1685 2291 1755 2312 supra
1774 2290 1826 2312 pag.
1845 2284 1905 2312 663,
1925 2287 1976 2306 uota
1995 2284 2016 2306 5.
2037 2285 2060 2306 ln

1216 2326 1279 2347 tertio
1298 2325 1454 2347 disjunctionis
1474 2323 1580 2346 membro
1603 2326 1655 2351 post
1671 2322 1848 2346 similitudinem
1872 2323 1939 2345 codd.
1963 2323 1978 2344 F
1989 2323 2061 2351 111>Q

1215 2364 1323 2386 adiiciunt
1340 2363 1446 2386 aliea-ius.

1277 2402 1286 2416 6
1304 2402 1395 2430 coetu,
1419 2403 1441 2423 ll.
1460 2402 1487 2424 dc
1514 2402 1670 2429 Arithmctica,
1694 2408 1712 2423 c.
1735 2401 1776 2423 iO:
1798 2401 2012 2430 Proportionalitas
2028 2404 2062 2424 est

1216 2441 1314 2463 [inarum
1327 2441 1362 2463 vet
1376 2441 1476 2469 plinium
1498 2442 1674 2469 proportionum
1687 2441 1767 2463 similis
1780 2440 1901 2469 habitudo.
1915 2442 2003 2463 etiamsi
2016 2447 2060 2463 non

1215 2480 1302 2502 eisdcm
1326 2479 1490 2508 quantitatibus
1508 2483 1526 2502 ct
1553 2480 1685 2501 dill'crcntiis
1702 2480 1836 2501 constitutae
1854 2480 1904 2502 sint.
1923 2479 2062 2510 Differentia

1215 2526 1271 2542 vero
1289 2525 1320 2541 esss
1340 2520 1397 2541 intcr
1415 2525 1522 2541 numeros
1541 2520 1661 2547 quantitas.
1679 2518 1804 2547 Propertio
1822 2522 1854 2541 est
1868 2519 1968 2541 duorum
1986 2520 2062 2541 termi-

1216 2565 1298 2581 norum
1316 2559 1345 2581 ad
1363 2565 1387 2581 so
1399 2560 1497 2580 inxit-em
1515 2558 1630 2586 quaedam
1644 2558 1754 2580 habitudo
1772 2561 1793 2580 et
1805 2559 1869 2586 quasi
1888 2558 2062 2587 quodammodo

1216 2599 1360 2621 continentia.
1380 2610 1411 2614 —
1428 2598 1470 2619 Pro
1495 2597 1706 2626 proportionalitas
1733 2597 1781 2619 Vat.
1808 2603 1861 2619 cum
1890 2597 1969 2625 paucis
1994 2597 2061 2619 codd.

1215 2636 1455 2667 proportionabilitas.
1469 2630 1537 2658 l3aulo
1550 2637 1643 2658 inferius
1660 2636 1741 2658 eadem
1758 2637 1805 2659 Vnt.
1818 2642 1871 2658 cum
1893 2636 1942 2658 cod.
1959 2642 1984 2659 cc
1997 2637 2063 2658 omit.-

1217 2678 1240 2699 tit
1257 2678 1279 2699 et
1295 2678 1334 2699 est.

1279 2716 1288 2730 ⁷
1305 2716 1383 2738 Plures
1401 2715 1468 2737 codd.
1487 2718 1511 2737 ut
1527 2715 1574 2737 ΠΜ
1586 2715 1629 2743 DQ
1647 2721 1699 2737 cnm
1719 2715 1754 2737 cd.
1778 2715 1782 2736 l
1805 2714 1966 2743 consimilem,
1993 2721 2062 2743 quam

1217 2761 1298 2777 vocem
1316 2754 1383 2777 codd.
1403 2754 1444 2782 PQ
1462 2755 1529 2776 etiam
1548 2755 1616 2782 paulo
1634 2755 1741 2782 superius
1758 2757 1808 2776 ante
1820 2753 1982 2777 habitudinem
1999 2754 2064 2776 adhi-

1216 2794 1271 2817 hcnt
1289 2800 1331 2822 pro
1348 2793 1456 2817 similem.

1279 2832 1289 2847 ³³
1307 2833 1355 2855 Vnt.
1373 2838 1425 2854 cum
1444 2832 1494 2854 cod.
1513 2838 1538 2854 cc
1556 2833 1592 2854 hic
1610 2835 1631 2854 ct
1648 2833 1717 2860 paulo
1730 2835 1781 2854 ante
1799 2832 1822 2854 fn
1840 2838 1863 2855 se
1879 2832 1937 2861 ipsa.

1279 2872 1288 2885 ‘¹
1307 2872 1384 2894 Plures
1401 2871 1468 2894 codd.
1492 2877 1544 2893 cum
1564 2871 1613 2893 Vat.
1636 2874 1655 2893 ct
1674 2871 1709 2893 ed.
1733 2871 1737 2892 l
1765 2871 1906 2895 conveniat:
1934 2877 2062 2899 perperam.
2198 2875 2207 2911 t

1217 2912 1285 2933 Paulo
1303 2911 1409 2938 superius
1427 2916 1468 2937 pro
1486 2909 1527 2932 sed
1543 2911 1577 2933 cst
1598 2910 1658 2933 sicul
1676 2911 1754 2938 plurcs
1776 2910 1844 2932 codd.
1863 2917 1915 2932 cum
1934 2911 1986 2932 cdd.
2005 2911 2030 2934 2,
2049 2911 2061 2931 3

1217 2950 1257 2973 secl
1273 2950 1341 2973 etiarm
1360 2949 1427 2972 sicut.
