2215 3404
184 1797 290 1815 Conclusio.

308 220 363 247 500

307 304 358 324 nae
373 296 407 324 ad
423 303 586 333 personam,
602 295 623 323 si
640 303 706 332 ergo
729 295 874 333 ingyenitns
894 295 960 324 dicit
975 295 1153 329 relationem,

306 346 354 371 aut
375 351 442 379 ergo
463 343 498 371 ad
521 343 635 376 Filium,
656 344 705 370 aut
726 342 760 370 ad
787 342 919 379 Spiritum
942 345 1085 377 sanctum,
1106 345 1155 370 aut

306 390 341 418 ad
370 394 531 427 utrumque.
561 390 618 418 Non
647 390 682 418 ad
704 393 872 426 utriunque,
901 390 967 426 quia
992 390 1071 418 Pater
1099 397 1154 417 non

306 439 485 473 comparatur
507 436 589 465 unica
611 436 757 465 relatione.
784 436 831 464 sed
854 436 973 464 diversis
994 435 1029 463 ad
1056 435 1153 463 Filium

306 485 333 511 et
354 482 487 519 Spiritum
503 485 643 516 sanctum3
666 490 718 510 non
739 482 773 510 ad
789 490 938 519 personam
962 482 1081 518 Spiritus
1096 489 1155 509 san-

306 529 342 557 cti
356 529 455 557 -hoc
476 532 631 557 constat—
646 536 712 565 ergo
734 528 768 556 ad
792 528 898 556 Filium.
921 528 947 556 Si
969 535 1035 564 ergo
1058 527 1154 555 relatio

306 575 341 604 ad
366 575 465 603 Filium
486 578 528 603 est
552 575 718 612 paternitas:
742 582 808 611 ergo
830 573 1029 603 innascibilitas
1050 576 1091 601 est
1113 580 1154 601 ea-

307 622 370 651 dem
392 622 498 650 relatio.

385 670 410 697 ⁹2.
432 669 512 703 Item,
534 668 683 697 relationes
698 668 723 696 in
740 668 841 696 divinis
863 667 989 704 personis
1004 675 1057 695 non
1080 666 1154 694 acci-

306 715 395 748 (lant,
418 715 466 744 sed
496 724 554 743 esse
576 715 708 743 tribuant
737 714 906 751 personae1:
930 721 996 750 ergo
1018 713 1039 741 si
1068 712 1154 741 unius

305 769 440 799 personae
466 761 581 790 unicum
610 764 747 795 estesse,
776 761 858 789 unica
885 760 938 789 erit
958 760 1019 788 eius
1047 759 1152 788 relatio.

305 809 358 837 Sed
380 809 459 837 Pater
481 812 522 837 est
549 817 605 837 una
626 816 760 845 persona,
789 810 816 836 et
837 807 965 836 convenit
993 807 1017 835 ei
1039 806 1154 835 innasci-

305 855 397 883 bilitas
418 858 445 884 et
466 855 631 892 paternitas:
655 863 721 891 ergo
743 857 793 883 etc.

384 902 409 930 3.
432 902 511 936 ltem,
533 902 604 930 sicut
625 910 653 930 se
675 901 759 930 habet
784 900 953 929 nascibilitas
980 900 1006 928 in
1030 900 1095 928 Filio
1117 900 1152 928 ad

307 949 484 981 filiationem,
506 949 543 977 ita
565 948 763 977 innascibilitas
791 948 818 976 in
839 948 918 976 Patre
947 947 982 975 ad
1004 947 1152 984 paternita-

306 999 377 1029 tem,
400 995 448 1024 sed
470 996 497 1023 in
519 995 584 1023 Filio
606 995 701 1023 eadem
723 997 765 1022 est
793 994 890 1022 relatio
918 993 1088 1022 nascibilitas
1126 996 1153 1021 et

306 1042 416 1070 filiatio:
438 1050 504 1078 ergo
526 1045 576 1070 etc.

384 1089 410 1117 lt.
432 1089 511 1122 Item,
526 1088 710 1125 Philosophus
723 1087 745 1115 2;
767 1098 780 1113 «
795 1087 919 1115 Primum
935 1089 962 1115 et
983 1086 1152 1124 principium

306 1136 379 1164 idem
396 1135 457 1164 dico
472 1146 502 1169 »ς
525 1135 573 1164 sed
589 1134 759 1163 innascibilis
781 1134 847 1163 dicit
862 1133 931 1162 illud
953 1133 1029 1170 quod
1044 1133 1110 1161 dicit
1125 1133 1152 1161 in

306 1182 411 1210 ratione
430 1182 540 1219 primi,
562 1184 641 1218 pater
662 1182 689 1209 in
712 1182 818 1210 ratione
840 1180 1000 1218 principii:
1027 1188 1093 1217 ergo
1115 1180 1153 1209 di-

306 1232 371 1257 cunt
393 1229 509 1257 eandem
535 1228 729 1257 habitudinem
755 1231 781 1256 et
803 1227 979 1256 relationem:
1009 1235 1064 1255 non
1086 1235 1152 1264 ergo

305 1279 370 1304 sunt
390 1276 462 1304 duae
484 1276 647 1305 relationes.
669 1275 717 1303 sed
739 1283 796 1303 una
818 1277 933 1303 tantum.

618 1391 830 1412 CONCLUSIO.

306 1493 525 1522 Innaseibilitas
553 1497 593 1521 est
621 1493 683 1521 alia.
704 1493 782 1521 'nolio
811 1502 846 1521 ae
871 1492 1055 1530 paternitas,
1084 1501 1151 1521 enm

383 1545 509 1579 atraque
522 1540 615 1569 aliam
636 1540 807 1568 ‘relationem
821 1540 956 1577 importet
975 1543 1036 1568 tam
1053 1548 1152 1568 seeun-

384 1588 454 1616 clnm
476 1587 648 1616 intellectam
670 1587 883 1624 principalem,
907 1590 968 1615 tam
990 1587 1151 1615 secundnm

385 1634 555 1663 intellectam
577 1638 800 1672 consequentem.

383 1743 557 1772 Respounsso:
580 1743 751 1777 Dicendum,
777 1743 851 1780 quod
880 1743 932 1771 hoc
951 1742 1027 1779 quod
1048 1745 1090 1771 est
1111 1742 1152 1770 ‘in-

303 1789 476 1818 nascibili-5³
505 1790 588 1818 aliam
618 1789 779 1818 relationem
809 1790 956 1826 importat,
985 1797 1070 1825 quam
1098 1789 1151 1818 hoc

304 1836 378 1874 quod
401 1839 441 1865 est
460 1840 562 1873 paler,
583 1837 641 1865 sive
666 1839 802 1873 quantum
835 1836 870 1864 ad
896 1835 1092 1872 prineipalem
1115 1835 1151 1863 in-

305 1883 461 1916 tellectum,
483 1882 540 1911 sive
559 1886 695 1920 quantum
717 1883 752 1911 ad
768 1886 990 1920 consequentem.
1010 1882 1150 1918 Quantum

304 1930 339 1958 ad
358 1929 569 1966 principalem,
593 1930 770 1958 manifestum
785 1932 838 1963 est,
855 1928 939 1966 quia⁴
959 1929 1090 1965 importat
1112 1936 1152 1957 re-

304 1980 430 2014 spectum
451 1977 486 2005 ad
502 1977 670 2013 principium
686 1984 736 2013 per
752 1976 866 2004 niodum
885 1975 1079 2012 privationis,
1098 1983 1150 2012 pa-

306 2027 347 2052 ter
368 2026 462 2052 autem
484 2024 615 2060 importat
636 2026 795 2060 respectum
817 2023 852 2051 ad
874 2022 1073 2060 principiatum
1102 2030 1151 2058 per

304 2071 418 2099 niodum
446 2070 599 2107 positionis
631 2073 658 2099 et
684 2070 900 2107 9enerationis;
928 2072 955 2098 et
982 2069 1019 2097 ita
1055 2069 1152 2097 dicunt

304 2117 429 2146 diversas
457 2117 649 2149 habitudines,
679 2125 800 2153 quarum
828 2124 884 2145 una
912 2119 954 2145 est
981 2123 1048 2144 vera
1076 2116 1152 2144 habi-

304 2164 384 2198 tudo,
405 2164 493 2193 altera
507 2164 625 2201 privatio
640 2163 819 2192 habitudinis.
832 2180 871 2183 —
882 2164 1023 2200 Quantum
1038 2163 1073 2191 ad
1089 2171 1152 2190 con-

303 2215 464 2249 sequentem
485 2211 656 2239 intellectum
685 2210 813 2239 similiter
842 2210 989 2243 differunt,
1013 2209 1076 2237 licet
1096 2217 1151 2237 non

305 2260 421 2285 tantum.
446 2257 514 2284 Nam
542 2261 626 2293 pater
655 2257 721 2285 dicit
747 2256 930 2284 relationem⁵
957 2255 1085 2292 principii
1112 2263 1152 2283 so-

1002 217 1253 246 SENTENTIARUM
1275 217 1333 245 LlB.
1355 217 1372 244 l.

1211 295 1269 323 lum
1295 297 1425 331 respectu
1447 294 1504 322 Filii
1524 297 1550 323 et
1571 302 1622 331 per
1643 294 1757 322 modum
1775 294 1986 331 qenerationis,
2009 294 2058 323 sed

1212 341 1395 369 innascibilis
1420 340 1608 369 universalem
1638 340 1703 369 dicit
1738 341 1971 378 principalitatem
2001 341 2059 370 sive

1212 388 1342 416 tontalem
1371 387 1573 424 plenitudinem
1603 387 1630 415 in
1652 387 1848 423 producendo,
1874 395 1928 416 non
1951 390 2057 416 tantum

1211 437 1347 471 quantum
1369 435 1403 463 ad
1427 434 1647 471 generationem,
1676 434 1725 463 sed
1746 434 1829 462 etiam
1858 438 1994 471 quantum
2023 435 2058 464 ad

1211 480 1403 516 spirationem,
1432 488 1485 509 non
1509 483 1617 509 tantum
1646 483 1775 517 respectu
1804 480 1877 514 Filii,
1905 480 1952 509 sed
1975 480 2058 509 etiam

1211 530 1339 564 respectu
1371 527 1490 564 Spiritus
1519 528 1614 556 sancti.
1645 528 1673 556 Et
1700 528 1752 556 hoc
1773 530 1864 564 patet,
1889 527 1955 564 quia
1977 527 2059 556 inna-

1210 573 1319 602 scibilis
1341 574 1462 608 dicitur,
1484 582 1516 602 eo
1537 574 1613 611 quod
1634 582 1688 602 non
1704 577 1853 611 generatur
1876 582 1926 602 nec
1947 581 2059 610 genera-

1210 621 1312 649 tionem
1334 621 1526 658 consequitur:
1549 629 1616 658 ergo
1638 621 1664 649 in
1680 621 1791 650 nomine
1813 621 1997 649 innascibilis
2011 629 2058 649 au-

1210 668 1300 696 fertur
1321 668 1391 696 ratio
1407 668 1537 697 nascendi
1558 671 1585 697 et
1600 668 1769 705 procedendi
1777 679 1784 702 3
1806 671 1833 696 et
1854 668 1876 697 si
1897 668 1961 702 hoc,
1983 667 2058 704 poni-

1210 717 1256 743 tur
1278 715 1349 743 ratio
1370 715 1546 743 omnimodae
1568 714 1794 751 principalitatis,
1818 717 1845 743 et
1865 714 1927 743 ideo
1948 714 2058 743 fontalis

1210 761 1400 798 plenitudinis.

1292 809 1315 835 ¹l.
1347 808 1386 836 Ad
1414 808 1485 836 illud
1514 816 1580 845 ergo
1608 808 1683 844 quod
1712 807 1860 842 obiicitur,
1889 808 1963 844 quod
1992 807 2058 836 dicit

1211 857 1369 892 respectum
1391 863 1527 891 personae
1547 854 1583 883 ad
1611 862 1775 892 personam,
1795 855 1961 889 dicendum,
1982 854 2057 892 quod

1207 902 1354 938 privative
1376 902 1434 931 sive
1449 902 1576 939 negative
1587 902 1597 916 ⁶
1617 910 1671 930 nou
1694 901 1761 930 dicit
1775 904 1934 938 respectum
1948 901 1984 930 ad
1998 909 2058 939 per-

1210 956 1314 977 sonam.
1338 949 1368 978 Et
1389 949 1465 986 quod
1486 949 1567 983 dicit,
1596 949 1670 986 quod
1697 949 1787 977 omnis
1808 949 1906 978 relatio
1931 949 1997 978 dicit
2017 956 2059 977 re-

1210 998 1336 1033 spectum
1359 996 1393 1024 ad
1409 1003 1571 1032 personam,
1593 996 1758 1032 intelligitur
1780 996 1814 1024 de
1829 995 1877 1024 illa
1898 1003 1969 1033 quae
1991 995 2058 1024 dicit

1206 1042 1388 1079 positionem.
1401 1042 1560 1071 Secundum
1576 1045 1670 1071 autem
1684 1042 1759 1079 quod
1771 1042 1906 1078 accipitur
1921 1044 2058 1078 quantum

1209 1089 1244 1117 ad
1274 1092 1489 1126 consequentem
1516 1089 1706 1123 intellectum,
1735 1089 1801 1117 dicit
1830 1091 1989 1125 respectum
2021 1089 2057 1118 ad

1209 1138 1358 1172 utramque
1374 1143 1531 1172 personam.
1544 1152 1582 1156 -—
1593 1135 1672 1172 Quod
1693 1135 1836 1169 obiicitur,
1850 1135 1926 1172 quod
1947 1143 2002 1163 non
2016 1137 2058 1164 est

1209 1189 1265 1209 una
1286 1181 1443 1210 communis
1464 1181 1575 1215 relati03
1602 1181 1768 1216 dicendum,
1797 1181 1872 1218 quod
1895 1188 1994 1209 verum
2015 1183 2057 1210 est

1209 1233 1346 1266 quantum
1371 1228 1407 1256 ad
1425 1228 1622 1265 principalem
1651 1228 1837 1262 intellectum,
1865 1231 1959 1256 tamen
1986 1228 2057 1257 bene

1209 1278 1299 1313 potest
1320 1283 1380 1304 esse
1401 1278 1538 1312 quantum
1559 1275 1595 1304 ad
1623 1278 1855 1313 consequentem,
1883 1278 1915 1303 ut
1943 1274 2056 1312 aliquod

1209 1330 1308 1351 nomen
1332 1322 1405 1350 dicat.
1425 1321 1628 1359 plenitudinem
1650 1324 1780 1358 respectu
1801 1321 1957 1358 utriusque.

1288 1370 1313 1397 Ξ.
1336 1368 1375 1397 Ad
1397 1369 1466 1397 illud
1482 1369 1557 1406 quod
1573 1368 1717 1403 obiicitur,
1733 1368 1807 1405 quod
1823 1368 1920 1397 relatio
1935 1368 1982 1396 dat
1996 1375 2056 1405 per-

1209 1423 1292 1443 sonae
1313 1415 1448 1449 existere:
1471 1415 1637 1449 dicendum,
1665 1415 1737 1451 quod
1762 1423 1815 1443 non
1841 1422 2054 1452 qaaecumque,

1209 1462 1257 1490 sed
1280 1470 1352 1498 quae
1367 1465 1408 1490 est
1430 1462 1527 1491 relatio
1538 1462 1712 1499 personalis.
1736 1462 1812 1498 Quae
1831 1464 1924 1490 autem
1940 1461 1975 1490 sit
1996 1461 2055 1496 illa,

1209 1508 1280 1537 infra
1300 1508 1405 1545 patebit
1422 1509 1439 1536 ⁷.

1287 1555 1312 1583 3.
1336 1555 1373 1584 Ad
1396 1555 1466 1584 illud
1488 1555 1563 1592 quod
1583 1555 1726 1590 obiicitur,
1748 1555 1823 1592 quod
1846 1555 1872 1583 in
1894 1555 1960 1583 Filio
1982 1555 2056 1584 idem

1207 1605 1249 1631 est
1270 1602 1440 1631 nascibilitas
1462 1606 1488 1631 et
1503 1602 1613 1631 filiatio:
1630 1610 1696 1639 ergo
1710 1606 1775 1636 etc.;
1797 1602 1960 1637 dicendum,
1980 1602 2053 1639 quod

1207 1657 1262 1677 non
1284 1649 1426 1686 sequitur.
1454 1649 1520 1686 quia
1540 1657 1595 1677 non
1622 1653 1803 1686 opponuntur
1828 1649 1925 1677 eodem
1954 1656 2055 1686 genere

1207 1696 1404 1733 oppositionis;
1426 1696 1492 1732 quia
1510 1696 1678 1732 paternitas
1700 1699 1727 1724 et
1746 1695 1851 1732 filiatio
1875 1698 2054 1732 opponuntur

1208 1742 1336 1776 relative,
1351 1751 1404 1771 non
1421 1743 1460 1771 sic
1474 1742 1658 1771 nascibilitas
1673 1745 1700 1771 et
1715 1741 1947 1776 innascibilitas,
1969 1742 2055 1770 immo

1209 1790 1296 1826 magis
1318 1790 1530 1818 contradictorie
1553 1789 1597 1818 vel
1618 1789 1765 1818 contrarie.

1286 1837 1313 1865 li.
1335 1836 1373 1865 Ad
1402 1836 1472 1865 illud
1494 1836 1569 1873 quod
1596 1836 1742 1870 obiicitur,
1772 1835 1847 1872 quod
1875 1835 1999 1872 primum
2028 1838 2055 1864 et

1207 1883 1375 1920 principium
1398 1886 1439 1912 est
1460 1883 1551 1917 idem3
1573 1883 1739 1917 dicendum,
1761 1882 1837 1919 quod
1855 1882 1990 1919 primam
2018 1882 2056 1911 di-

1208 1929 1282 1958 citur
1309 1929 1472 1966 dupliciter:
1500 1932 1549 1957 aut
1570 1937 1621 1966 per
1645 1929 1843 1965 privationem
1867 1928 2000 1965 prioris;
2028 1931 2055 1957 et

1208 1976 1247 2004 sic
1279 1976 1402 2013 primum
1429 1979 1455 2004 et
1483 1975 1652 2013 principium
1682 1975 1754 2004 idem
1784 1978 1849 2004 sunt
1876 1983 1919 2010 re,
1947 1978 1974 2004 et
2001 1983 2056 2004 non

1208 2023 1323 2051 ratione.
1355 2022 1413 2050 Alio
1445 2022 1528 2051 modo
1560 2022 1683 2059 primum
1715 2022 1818 2051 dicitur
1852 2025 1983 2059 respecta
2017 2030 2057 2050 se-

1209 2069 1313 2102 cnndi;
1338 2072 1365 2097 et
1393 2069 1431 2097 sic
1453 2069 1576 2105 primum
1599 2071 1625 2097 et
1647 2068 1816 2105 principium
1837 2068 1911 2096 idem
1935 2070 2000 2097 sunt
2024 2075 2056 2096 re

1208 2118 1235 2144 et
1256 2115 1378 2149 ratione,
1401 2118 1428 2143 et
1454 2115 1493 2143 sic
1514 2123 1568 2143 non
1591 2115 1764 2151 significatur
1785 2114 1908 2151 primum
1931 2122 1981 2151 per
2002 2114 2055 2148 hoc

1179 2156 1180 2159 ¹
1208 2170 1307 2190 nomen
1330 2161 1522 2190 innascibilis.
1553 2161 1684 2198 lmportat
1712 2161 1786 2190 enim
1814 2161 1985 2198 primitatem
2006 2168 2056 2198 per

1208 2208 1392 2244 privationem
1413 2208 1531 2245 prioris,
1552 2211 1584 2236 ut
1605 2211 1680 2245 patet
1701 2216 1737 2236 ex
1759 2208 1818 2244 ipsa
1840 2207 1960 2236 nominis
1976 2207 1985 2221 ‘³
2008 2207 2056 2239 im-,

1208 2255 1350 2291 positione.

1049 2379 1309 2415 SOHOLION.

367 2507 427 2528 Ilaec
448 2507 550 2535 quaestio
581 2506 706 2534 explicatur
731 2512 757 2527 ex
783 2505 934 2533 praecedeuti.
961 2505 1081 2532 Auctores,
1107 2504 1148 2533 qui

304 2545 441 2567 intellectum
465 2545 649 2574 consequentem,
663 2546 684 2566 in
705 2545 745 2567 ista
769 2545 859 2566 notione
883 2547 1030 2566 connotutum
1048 2544 1102 2565 etin
1127 2549 1148 2571 q.

305 2584 410 2612 praeced.
428 2583 636 2610 dectai·atu111.iion
649 2583 780 2611 admittunt,
798 2583 866 2605 etiam
885 2583 920 2604 hio
938 2582 1084 2604 solummodo
1102 2583 1149 2610 pri-

306 2629 367 2644 mam
386 2625 473 2651 partem
492 2623 648 2650 responsionis
665 2622 800 2650 approbant.

1271 2504 1334 2526 Alex.
1353 2504 1408 2531 Hah,
1428 2504 1448 2525 S.
1467 2510 1489 2531 p.
1508 2504 1521 2525 l.
1539 2510 1561 2531 q.
1580 2503 1615 2526 δὲ),
1635 2509 1665 2525 ni.
1684 2502 1704 2524 4.
1723 2515 1754 2519 —
1770 2503 1792 2525 S.
1811 2503 1902 2531 Thom.y
1915 2503 1936 2524 S.
1950 2503 1964 2524 l.
1977 2508 1998 2531 q.
2017 2502 2053 2524 33.

1207 2549 1226 2565 a.
1246 2542 1266 2564 l.
1283 2554 1315 2558 —
1331 2543 1355 2564 B.
1373 2542 1465 2569 Athen„
1484 2543 1527 2564 hic.
1546 2548 1565 2563 a.
1584 2542 1605 2563 3.
1621 2553 1653 2557 —
1670 2542 1727 2564 Petr.
1746 2549 1758 2563 a
1777 2542 1837 2568 Tur.y
1856 2542 1892 2563 hic
1910 2548 1931 2569 q.
1951 2541 1970 2563 tl.
1989 2547 2008 2563 a.
2032 2541 2052 2563 3.

1205 2581 1351 2603 -lzictiai-d.
1370 2587 1381 2602 a
1400 2581 1464 2609 lllcd.y
1483 2581 1519 2602 hic
1536 2588 1556 2602 a.
1575 2581 1594 2602 2.
1613 2587 1635 2609 q.
1654 2580 1791 2602 ‘L—chr.
1810 2580 1890 2607 Gand„
1908 2586 1927 2601 a.
1946 2579 1982 2601 57.
1996 2586 2018 2608 q.
2031 2580 2052 2602 2.

1205 2633 1236 2637 —
1253 2621 1345 2647 Dionys.
1363 2619 1447 2647 Carth.⁷
1466 2620 1502 2642 hic
1517 2626 1538 2648 q.
1557 2619 1579 2641 3.

370 2792 375 2805 ¹
395 2792 460 2814 l‘lura
478 2791 506 2813 de
524 2792 567 2813 hoc
584 2791 637 2813 vide
654 2796 723 2818 supra
742 2790 763 2812 d.
782 2790 818 2811 26.
837 2797 858 2818 q.
878 2790 898 2811 3.

368 2831 377 2844 ‘2
395 2831 454 2853 Libr.
473 2831 486 2852 l.
505 2830 588 2852 poster.
599 2837 618 2851 c.
633 2830 653 2851 Ξ.
666 2842 695 2845 ——
707 2828 771 2851 Circa
784 2828 851 2850 tinem
864 2829 993 2856 argumenti
1006 2829 1069 2850 multi
1082 2828 1149 2851 codd.

306 2871 357 2901 voci
382 2869 520 2892 relationem.
546 2869 675 2897 praefigunt
691 2874 750 2896 non,
770 2874 812 2895 pro
830 2874 875 2896 qua
894 2868 1002 2895 particula
1021 2867 1088 2890 codd.
1106 2867 1150 2889 LO

306 2915 352 2932 non
370 2908 421 2931 nisi.

368 2948 377 2962 3
395 2948 501 2970 Permulti
519 2947 585 2969 codd.
604 2953 656 2969 cum
674 2953 713 2968 scx
731 2947 811 2973 primis
828 2946 880 2968 edd.
899 2944 1078 2968 innascibilitas.

369 2985 377 3000 4
395 2985 449 3008 Cod.
469 2986 483 3007 F
501 2986 576 3008 adiicit
593 2984 743 3008 innascibilis.

1270 2790 1280 2804 5
1295 2791 1324 2812 lta
1343 2790 1434 2817 plurimi
1452 2789 1518 2811 codd.
1538 2792 1561 2811 ut
1578 2789 1595 2810 Α
1606 2788 1622 2811 C
1632 2789 1647 2810 L
1658 2788 1674 2810 N
1685 2788 1702 2810 O
1713 2788 1727 2809 Ρ
1737 2788 1755 2816 Q
1766 2788 1783 2809 R
1793 2788 1807 2809 S
1818 2788 1835 2809 T
1846 2788 1863 2809 U
1875 2787 1893 2809 V
1904 2787 1934 2815 Y;
1953 2787 2002 2810 Vnt.
2015 2793 2051 2809 ra»

1207 2829 1299 2851 tionem.
1318 2829 1366 2850 Mox
1384 2828 1461 2856 plures
1479 2827 1546 2850 codd.
1563 2826 1735 2850 innascibilitas
1753 2832 1795 2854 pro
1812 2824 1964 2849 innascibilis,

1269 2867 1278 2881 ὓ
1296 2866 1350 2889 Cod.
1370 2866 1398 2888 W
1416 2866 1479 2888 addit
1496 2871 1544 2888 non
1559 2865 1656 2895 positive
1672 2864 1803 2888 secandam
1813 2864 1969 2894 principalem
1985 2863 2051 2887 intel-

1208 2905 1301 2929 teclam.

1271 2944 1280 2958 7
1297 2944 1388 2972 Quaest.
1406 2950 1453 2972 seq.

1271 2982 1280 2997 ⁸
1297 2982 1368 3005 Codd.
1386 2983 1405 3004 K
1416 2982 1435 3004 Y
1454 2982 1531 3011 roeis,-
1548 2982 1615 3004 codd.
1633 2982 1647 3003 S
1658 2982 1676 3004 V
1694 2981 1756 3004 *vocis
1773 2981 1923 3011 eoepositione.

2082 812 2153 839 Solutio
2166 818 2199 837 op-

2071 838 2180 859 positorum.

2069 1886 2153 1905 Primum
2168 1892 2198 1905 su-

2092 1910 2149 1928 mitur
2164 1910 2198 1929 du-

2092 1933 2173 1957 pliciter.
