2215 3404
10 2103 74 2119 fluenta
79 2115 82 2118 .

629 150 711 178 DIST.
735 150 835 178 XXXV.
857 150 929 178 ΛΒΤ.
952 150 1067 179 UNlCUS
1089 151 1223 187 QUAEST.
1246 152 1286 180 ltl.

88 228 153 265 quia
175 228 291 256 omnino
320 228 505 264 exprimens,·
525 227 586 256 ideo
612 236 721 256 summe
748 227 882 264 exprimit
902 230 929 256 et

88 275 243 304 secundum
264 282 361 303 omnes
389 274 568 303 conditiones.
599 275 628 303 Et
658 282 783 307 rursus,
812 282 846 302 ex
878 274 929 302 hoc

87 322 162 359 quod
183 329 238 350 non
259 325 301 350 est
322 329 472 358 expressa,
495 321 557 350 ideo
577 329 631 349 non
654 323 696 350 est
716 323 822 349 arctata
836 329 886 350 nec
902 321 930 349 li-

88 367 195 402 mitata,
218 367 267 396 sed
288 367 414 396 extendit
436 375 465 396 se
486 367 522 396 ad
544 367 652 401 omnia,
680 367 752 396 sicut
773 367 868 395 divina
892 375 930 395 es-

86 414 195 447 sentim
215 414 344 451 quamvis
365 416 422 442 tota
442 413 478 442 sit
499 413 526 441 in
546 421 617 447 uno,
639 421 692 441 non
716 416 808 441 tamen
830 413 869 442 sic
888 416 930 441 est

87 461 114 489 in
135 469 191 489 uno
203 460 222 495 ¹,
243 460 317 497 quod
340 469 394 489 non
416 461 451 489 sit
472 460 499 488 in
521 460 583 488 alio.

165 508 191 536 [ι.
214 507 250 536 Ad
275 507 344 536 illud
367 507 440 544 quod
463 507 593 536 obiicitur
614 506 722 541 ultimo,
743 506 819 543 quod
834 514 931 543 cogno-

87 554 138 583 scit
149 553 303 582 secundum
320 553 488 591 exigentiam
504 554 661 587 rationum3
676 553 840 588 dicendum,
855 553 929 590 quod

87 600 158 628 sicut
179 600 257 628 ratio
287 600 477 637 cognoscendi
504 602 545 628 est
572 607 645 634 una,
668 602 695 628 et
727 603 818 627 tamen
847 599 930 636 plura

1773 157 1829 184 607

985 228 1094 264 cognita
1109 228 1316 258 distinctissime
1331 234 1521 267 repraesentat
1536 232 1690 261 secundum
1702 233 1830 270 proprias

986 274 1170 309 conditiones3
1192 276 1231 304 sic
1247 276 1341 305 divina
1355 278 1480 315 coym'tz'o
1496 281 1632 315 quantum
1654 279 1689 308 ad
1710 279 1829 307 modum

986 322 1184 357 cognoscendi,
1206 323 1254 359 qui
1276 327 1318 351 est
1338 324 1366 352 in
1388 325 1463 361 ipsa,
1485 328 1527 354 est
1551 333 1608 353 una
1635 329 1663 354 et
1690 326 1829 362 simplex,

986 375 1039 396 non
1061 368 1205 402 distincta;
1221 370 1270 398 sed
1292 371 1318 398 in
1341 372 1547 408 comparatione
1568 372 1603 400 ad
1625 372 1765 400 obiectum
1793 372 1831 401 di-

987 414 1085 443 stincte
1111 415 1259 452 cognoscit.
1281 417 1398 452 Quando
1413 425 1480 455 ergo
1501 418 1617 447 dicitur:
1640 419 1714 447 Deus
1735 427 1832 456 cogno·

987 460 1037 489 scit
1058 461 1151 489 omnia
1172 461 1322 495 distinct&
1343 463 1364 491 si
1387 463 1533 492 distinctio
1555 464 1668 501 ponitur
1689 465 1715 493 in
1743 466 1832 502 cogni-

987 506 1060 535 tione
1080 514 1131 543 per
1152 508 1386 544 comparationem
1402 510 1435 538 ad
1452 514 1682 547 cognoscentem,
1696 511 1765 540 salsa
1777 514 1818 540 est
1824 522 1831 546 3

987 552 1007 581 si
1030 556 1123 581 autem
1140 561 1190 589 per
1205 555 1442 591 comparationem
1457 556 1492 584 ad
1508 557 1673 594 cognitum,
1690 558 1728 586 sic
1747 558 1831 587 habet

987 599 1141 628 veritatem.

825 758 1084 795 SOHOLION.

149 919 163 940 l.
181 919 224 941 Pro
248 919 393 947 intelligentia
423 919 539 941 doctrinae
565 919 594 941 de
619 919 688 947 ideis,
714 925 784 947 quam
811 919 930 947 profitetur

87 958 231 986 Seraphicus,
250 958 341 980 maximi
359 958 469 979 momenti
486 961 538 980 sunt
550 958 674 980 solutiones
686 958 715 980 ad
728 958 748 979 2.
762 960 783 979 et
795 958 815 979 3.
829 958 930 980 Eandem

87 996 213 1019 doctrinam
230 996 369 1024 profundam
382 996 519 1024 comprobat
531 997 622 1025 Scotus,
636 997 671 1019 lv.
689 997 749 1019 Sent.
768 996 790 1018 d.
809 996 845 1018 50.
864 1002 885 1024 q.
904 996 929 1024 3,

87 1038 109 1058 οι
125 1036 211 1063 pluries
228 1035 288 1057 alibi.
310 1047 342 1051 —
364 1036 470 1063 Quinque
493 1035 647 1064 differentiae,
671 1042 730 1064 quae.
748 1035 850 1058 obtinent
873 1036 931 1057 inter

87 1075 240 1103 cognitionem
258 1077 280 1096 ct
296 1074 359 1097 ideas
375 1074 416 1096 Dei
441 1077 463 1096 et
488 1077 583 1102 nostraS,
601 1075 637 1096 hic
655 1075 788 1096 innuuntur.
807 1075 827 1096 ’1.
844 1074 931 1096 Intelle-

87 1117 136 1136 ctus
163 1113 255 1136 divinus
280 1116 314 1135 est
337 1119 410 1141 purus
436 1116 513 1141 actus,
539 1116 561 1135 et
583 1113 737 1141 cognoscibile
754 1114 826 1135 estin
844 1114 930 1135 ratione

87 1152 200 1180 potentiae
223 1151 251 1173 ad
277 1152 353 1180 illum,
377 1151 432 1173 dum
461 1152 586 1174 intellectus
604 1154 680 1174 noster
701 1154 735 1174 est
752 1152 851 1179 potentia
869 1154 889 1174 ot
907 1152 929 1173 in

87 1191 187 1219 potentia
204 1190 233 1212 ad
251 1190 412 1218 cognoscibile.
431 1191 451 1212 2.
471 1190 596 1212 lntellectus
613 1193 635 1212 ct
656 1190 775 1212 intellectio
793 1191 814 1212 in
833 1190 879 1212 Deo
897 1193 930 1213 est
958 1212 960 1223 ἁ

89 1231 137 1257 ipsa
155 1229 231 1252 divina
249 1229 387 1257 substantia3
405 1229 524 1251 intellectio
549 1232 625 1251 nostra
643 1231 667 1251 ut
684 1232 748 1251 actus
765 1232 799 1251 est
816 1229 928 1251 accidens.
958 1224 960 1235 ⁴

88 1268 108 1290 3.
125 1268 252 1290 Intellectus
278 1267 370 1290 divinus
395 1274 439 1289 non
468 1269 547 1296 accipit
566 1275 578 1290 a
596 1268 666 1290 rebus
683 1268 752 1290 ullam
769 1269 870 1296 speciem
888 1269 931 1290 im-

87 1299 191 1334 press'am
214 1306 250 1328 vel
278 1312 422 1334 expressam,
450 1306 491 1328 sed
516 1307 592 1334 potius
610 1309 634 1329 ut
651 1307 776 1329 similitudo
793 1306 930 1335 eoepresslua

87 1344 157 1366 rebus
173 1345 279 1372 exprimit
296 1347 318 1366 et
335 1344 373 1367 dat
397 1345 593 1374 assimilationem,
612 1346 668 1373 sive,
690 1347 715 1367 ut
732 1345 785 1368 dicit
803 1346 863 1368 Alex.
882 1346 929 1367 Ital.

89 1382 120 1411 (S.
137 1389 159 1411 p.
179 1383 192 1405 l.
210 1390 231 1411 q.
250 1383 287 1405 23.
304 1389 335 1405 m.
357 1384 392 1411 1.),
414 1392 423 1403 ει
434 1385 551 1411 cognoscit
563 1390 604 1412 per
616 1384 795 1412 similitudinem,
808 1392 867 1413 quac
885 1391 929 1406 non

86 1425 120 1444 est
137 1428 151 1444 a
169 1421 239 1444 rebus
256 1422 297 1444 sed
314 1422 346 1445 ad
361 1428 430 1449 res»;
456 1423 582 1445 intellectus
607 1427 683 1445 noster
708 1430 719 1445 a
746 1423 816 1446 rebus
842 1427 930 1446 mutuat

87 1461 187 1489 speciem
206 1461 341 1489 impressam
359 1464 381 1483 et
397 1462 480 1483 format
496 1463 596 1489 specimn
615 1469 754 1490 expressam.
773 1462 793 1484 4.
812 1463 862 1485 idea
884 1469 930 1485 rea—

86 1499 136 1521 liter
153 1506 196 1521 una
224 1500 245 1521 in
268 1499 315 1522 Deo
340 1502 374 1522 est
399 1501 562 1528 perfectissima
582 1501 706 1523 similitudo
724 1501 830 1524 omnium
848 1508 931 1530 cogno-

87 1538 212 1567 scibilium,
224 1540 273 1561 sive
285 1540 406 1562 actualium
420 1541 468 1562 sive
487 1540 630 1568 possibilium
648 1540 697 1567 (cfr.
716 1541 751 1562 liic
768 1547 790 1569 q.
809 1540 829 1562 4.
844 1541 873 1562 ad
891 1541 930 1569 2.).

988 920 1008 941 5.
1026 920 1092 943 ldeae
1111 924 1200 943 nostrae
1218 927 1262 943 non
1280 922 1410 949 exprimunt
1427 928 1476 944 rem
1494 923 1535 945 nisi
1553 929 1579 945 ex
1597 926 1668 952 parte,
1686 924 1764 947 divina
1781 925 1832 948 idea

987 965 1044 981 vero
1061 960 1167 988 exprimit
1184 966 1233 982 rem
1259 966 1312 982 cuni
1330 960 1439 983 omnibus
1456 961 1539 990 modis,
1558 962 1587 984 ad
1604 962 1720 985 obiectum
1738 970 1832 992 quomo-

989 997 1120 1027 documque
1138 998 1301 1026 spectantibus.
1324 999 1426 1021 Breviter
1450 1001 1494 1022 hoc
1516 1001 1622 1029 exprimit
1647 1002 1785 1030 Serapliicus
1809 1004 1831 1025 in

988 1036 1101 1066 Brex‘iloq.
1120 1037 1152 1066 (p.
1171 1038 1184 1060 Ι.
1207 1044 1226 1060 c.
1245 1039 1289 1066 8.):
1310 1039 1387 1066 «Quia
1405 1040 1521 1067 exemplar
1540 1040 1570 1068 (in
1589 1040 1645 1070 Deo)
1664 1044 1698 1063 est
1714 1042 1831 1069 simplicis-

987 1076 1071 1098 simum
1089 1079 1109 1099 et
1135 1077 1338 1105 perfectissimum,
1364 1077 1416 1100 ideo
1433 1081 1497 1101 actus
1514 1086 1598 1107 purus;
1617 1081 1670 1108 quia
1687 1087 1744 1103 vero
1761 1081 1832 1103 infini-

988 1117 1034 1136 tum
1047 1118 1069 1137 et
1081 1116 1232 1143 immensum,
1246 1116 1297 1138 ideo
1309 1119 1370 1139 extra
1383 1123 1452 1139 omne
1465 1123 1544 1145 genus.
1558 1119 1583 1140 Et
1594 1119 1646 1141 hinc
1658 1121 1702 1147 est,
1715 1120 1778 1148 quod
1789 1121 1832 1142 exi·

987 1155 1048 1175 stens
1065 1159 1144 1182 unum,
1162 1156 1237 1182 potest
1254 1160 1303 1176 csse
1320 1155 1445 1177 similitudo
1462 1157 1594 1184 expressiva
1612 1157 1736 1180 inultorum
1748 1167 1768 1180 n.

1051 1192 1073 1214 ll.
1093 1193 1133 1214 Alii
1152 1195 1256 1215 auctores
1274 1194 1320 1216 t'ere
1338 1200 1418 1216 omnes
1441 1195 1499 1217 lianc
1524 1198 1546 1218 et
1562 1199 1697 1225 sequentem
1721 1198 1832 1226 quaestio-

987 1237 1038 1253 nem
1057 1232 1123 1253 simul
1141 1234 1242 1254 tractant.
1260 1233 1321 1254 Alex.
1340 1233 1395 1261 Hal.y
1414 1234 1435 1255 S.
1454 1240 1475 1262 p.
1502 1234 1515 1256 Ι.
1540 1241 1562 1263 q.
1587 1235 1622 1257 23.
1646 1241 1676 1257 m.
1695 1235 1715 1257 4.
1734 1242 1753 1258 a.
1774 1237 1792 1263 i,
1811 1239 1831 1258 et

987 1276 1009 1298 q.
1028 1270 1036 1291 .1
1044 1269 1064 1291 4.
1082 1275 1112 1291 m.
1131 1269 1159 1298 τίς
1178 1276 1199 1298 p.
1218 1271 1241 1292 ll.
1260 1278 1282 1299 q.
1302 1271 1322 1293 3.
1340 1278 1370 1293 in.
1389 1273 1409 1293 2.
1427 1284 1459 1288 —
1481 1273 1502 1294 S.
1530 1273 1620 1301 Thom.y
1639 1274 1652 1295 1.
1675 1275 1735 1296 Sent.
1754 1275 1776 1297 d.
1795 1275 1831 1297 36.

987 1314 1009 1336 q.
1028 1309 1048 1330 2.
1067 1315 1086 1330 a.
1105 1309 1130 1336 23
1149 1309 1170 1330 S.
1184 1309 1199 1331 Ι.
1217 1316 1239 1337 q.
1259 1309 1294 1331 45.
1312 1316 1332 1332 a.
1352 1311 1376 1338 2:
1389 1311 1411 1332 S.
1424 1317 1443 1333 c.
1456 1312 1519 1333 Gent.
1533 1312 1546 1333 1.
1565 1318 1583 1334 c.
1602 1312 1638 1334 54.
1650 1325 1681 1329 ——
1698 1313 1721 1335 B.
1739 1313 1831 1341 Albert.,

987 1346 1015 1368 de
1033 1347 1075 1369 hac
1092 1350 1114 1369 et
1130 1353 1178 1376 seq.
1197 1354 1218 1376 q.
1232 1349 1267 1370 liic
1285 1355 1304 1370 a.
1324 1349 1348 1377 9,
1366 1349 1388 1370 S.
1407 1356 1429 1377 p.
1448 1350 1462 1371 l.
1474 1353 1500 1372 tr.
1515 1350 1522 1371 l
1530 1351 1550 1372 3.
1568 1358 1590 1379 q.
1604 1350 1639 1372 45.
1653 1357 1683 1373 m.
1697 1352 1717 1373 2.
1730 1358 1750 1373 a.
1769 1353 1790 1374 2.
1801 1364 1833 1368 —-

987 1385 1044 1407 Petr.
1062 1392 1074 1407 a
1094 1386 1154 1414 Tar„
1173 1386 1201 1408 de
1218 1387 1260 1409 hac
1277 1390 1299 1409 et
1316 1394 1363 1416 seq.
1377 1394 1399 1416 q.
1413 1388 1434 1410 d.
1453 1389 1489 1410 36.
1508 1395 1529 1417 q.
1549 1390 1568 1411 ⁵2.
1587 1396 1607 1411 a.
1625 1390 1645 1411 3.
1659 1402 1690 1406 —-—
1701 1391 1807 1413 Richard.
1820 1398 1833 1413 a

987 1424 1052 1453 Med„
1070 1425 1084 1446 Ι.
1103 1425 1163 1447 Sent.
1182 1426 1204 1447 d.
1224 1426 1259 1448 36.
1278 1432 1297 1448 a.
1317 1427 1336 1448 2.
1355 1433 1369 1455 q
1395 1427 1415 1449 3.
1440 1440 1471 1444 —-
1496 1428 1570 1456 AEgid.
1589 1429 1622 1456 li„
1641 1429 1669 1451 de
1687 1430 1729 1451 hac
1746 1433 1766 1452 et
1784 1436 1832 1458 seq.

988 1469 1009 1491 q.
1028 1463 1043 1485 Ι.
1061 1463 1120 1485 sent.
1147 1463 1168 1485 d.
1192 1465 1228 1486 36.
1258 1466 1330 1492 prInc.
1350 1466 1370 1487 2.
1388 1472 1410 1494 q.
1429 1467 1449 1488 2.
1475 1478 1506 1482 —
1528 1467 1596 1489 Henr.
1614 1467 1694 1495 Gand,
1712 1468 1733 1489 S.
1757 1474 1776 1489 a.
1796 1468 1831 1490 68.

988 1508 1009 1530 q.
1027 1502 1048 1524 ὅ.
1067 1508 1087 1524 n.
1106 1503 1127 1524 9.
1144 1515 1175 1519 -
1192 1503 1300 1531 hui-ancl„
1314 1504 1342 1526 de
1360 1505 1402 1527 hac
1419 1507 1441 1526 et
1458 1511 1505 1534 seq.
1524 1512 1545 1534 q.
1563 1506 1576 1527 l.
1596 1507 1655 1529 Sent.
1674 1506 1696 1529 d.
1716 1507 1752 1529 36.
1771 1514 1792 1535 q.
1811 1507 1832 1529 4.

987 1553 1018 1557 -
1036 1541 1127 1569 Dionys.
1146 1541 1229 1567 Carth..
1248 1543 1261 1565 l.
1280 1543 1340 1565 Sent.
1360 1543 1381 1565 d.
1400 1544 1436 1566 36.
1455 1550 1476 1573 q.
1496 1545 1516 1567 2.

844 1664 1006 1700 QUAESTIO
1027 1665 1067 1693 ΙΙΙ.

536 1775 641 1803 Utrum
663 1774 694 1803 z'n-
715 1774 787 1802 ideis
807 1774 845 1802 sit
863 1774 1027 1810 pluralitas
1047 1777 1208 1805 secundum
1230 1778 1383 1807 rationem.

165 1906 257 1935 Tertio
279 1905 433 1946 quaeritur,
455 1909 552 1935 utrum
572 1906 599 1934 in
626 1906 695 1934 ideis
721 1906 755 1934 sit
784 1906 930 1943 pluralitas

87 1953 242 1982 secundum
271 1953 414 1982 rationem.
446 1953 475 1981 Et
506 1953 579 1990 quod
610 1953 663 1987 sic,
694 1953 851 1982 ostenditur
879 1953 931 1981 hoc

88 2000 178 2029 modo.

168 2048 192 2075 l.
215 2047 384 2084 Augustinus
417 2047 488 2075 libro
510 2047 654 2084 Octoginta
685 2047 770 2075 trium
792 2048 932 2084 Quaestio-

89 2102 155 2123 num
167 2094 191 2122 2:
209 2094 291 2122 «Alia
306 2094 412 2123 ratione
427 2094 556 2123 conditus
570 2097 612 2122 est
627 2094 723 2128 homo,
738 2094 792 2122 alia
807 2102 897 2131 equus
905 2104 931 2121 »2

88 2149 154 2178 ergo
175 2141 197 2170 si
220 2141 282 2170 idea
304 2140 370 2170 dicit
391 2141 480 2177 ipsam
502 2141 636 2169 rationem
659 2141 862 2178 cognoscendi,
890 2149 931 2169 ne-

88 2195 164 2217 cesse
185 2190 234 2222 est,
257 2188 332 2225 quod
353 2187 531 2225 plurificetur
553 2187 708 2216 secundum
730 2187 874 2216 rationem.

166 2235 192 2262 2.
220 2234 303 2268 Item,
332 2235 384 2263 hoc
412 2234 504 2271 ipsum
534 2234 691 2263 ostenditur
717 2242 753 2263 ex
784 2234 867 2263 modo
898 2234 933 2262 lo-

89 2281 191 2318 quendi
213 2283 240 2309 et
267 2281 430 2315 definiendi,
458 2281 524 2318 quia
544 2281 731 2318 Augustinus³
753 2281 877 2318 loquitur
906 2281 933 2310 in

87 2328 189 2365 plurali
212 2332 239 2357 et
264 2328 360 2356 definit
381 2329 408 2356 in
429 2328 531 2364 plurali
547 2328 621 2365 ipsas
642 2328 719 2357 ideas
734 2328 843 2363 dicens,
859 2329 931 2366 quod

88 2378 157 2403 sunt
183 2374 315 2412 formae:
342 2383 408 2412 ergo
433 2375 630 2412 plurificantur
661 2384 706 2409 re,
732 2376 776 2405 vel
802 2376 934 2409 ration&

90 2422 138 2451 sed
159 2430 213 2450 non
234 2430 280 2450 re.-
303 2430 369 2459 ergo
389 2422 511 2450 ratione.

169 2468 194 2497 3.
216 2468 302 2502 Item,
323 2469 385 2497 idea
407 2469 473 2497 dicit
494 2469 703 2498 similitudinem
726 2470 761 2498 ad
783 2470 933 2507 cognitum,

90 2517 117 2543 et
138 2516 306 2550 similitudo,
329 2516 458 2553 quamvis
479 2516 505 2544 in
528 2516 584 2544 Deo
606 2516 640 2545 sit
662 2517 728 2553 quid
758 2516 934 2549 absolutum,

90 2562 175 2591 hahet
196 2562 311 2591 modum
333 2562 441 2591 dicendi
465 2562 499 2591 ad
522 2563 640 2591 alterum
671 2563 729 2592 sive
756 2566 914 2600 respectum
927 2574 934 2597 3

986 1906 1035 1934 sed
1056 1906 1225 1942 plurificatio
1246 1907 1437 1937 similitudinis
1458 1910 1591 1939 relativae
1616 1914 1658 1940 est
1678 1920 1694 1940 a
1715 1920 1762 1946 re,
1788 1911 1832 1941 cui

987 1953 1158 1981 assimilatur
1169 1953 1196 1981 ⁴:
1218 1962 1285 1991 ergo
1306 1963 1370 1983 cum
1385 1963 1430 1984 res
1446 1956 1552 1985 ideatae
1566 1957 1621 1986 sint
1634 1958 1739 1995 plures,
1756 1959 1832 1988 ideae

988 2002 1053 2027 sunt
1074 1999 1170 2036 plures
1191 2001 1347 2029 secundum
1369 2003 1504 2032 rationem
1526 2004 1644 2033 dicendi.

1067 2047 1092 2074 4.
1116 2046 1198 2081 item,
1220 2047 1310 2083 Deus,
1331 2052 1480 2086 antequam
1503 2058 1548 2079 res
1563 2052 1715 2088 producat,
1740 2053 1834 2082 distin-

989 2095 1031 2121 cte
1053 2093 1192 2130 cognoscit
1213 2097 1240 2122 et
1261 2098 1337 2129 actu3
1359 2096 1407 2124 sed
1430 2104 1484 2124 non
1506 2100 1548 2126 est
1569 2098 1707 2127 distinctio
1729 2099 1756 2127 in
1777 2100 1833 2129 Deo
1872 2102 1873 2105 ’

989 2143 1170 2177 cognoscente
1195 2148 1245 2169 nec
1276 2141 1303 2169 in
1325 2143 1449 2179 cognito:
1472 2151 1539 2181 ergo
1560 2148 1680 2181 oportet,
1702 2146 1777 2183 quod
1798 2147 1834 2175 sit

989 2187 1015 2215 in
1039 2187 1144 2216 ratione
1167 2189 1358 2225 cognoscendi.

1068 2234 1192 2263 CONTRA:
1218 2236 1241 2263 1.
1265 2236 1291 2264 Si
1313 2237 1374 2265 est⁵
1394 2237 1561 2273 plurificatio
1577 2240 1731 2268 secundum
1754 2241 1834 2269 ratio-

990 2289 1070 2316 nem,
1092 2290 1156 2310 cum
1171 2291 1226 2311 non
1242 2283 1276 2312 sit
1291 2291 1330 2317 re,
1345 2286 1412 2313 tunc
1429 2284 1541 2313 videtur
1555 2286 1603 2314 illa
1617 2286 1764 2323 pluralitas
1778 2297 1833 2317 non

990 2335 1050 2357 esse
1071 2328 1148 2357 aliud
1170 2337 1253 2366 quam
1276 2330 1392 2359 vanitas.

1070 2376 1095 2403 2.
1116 2375 1196 2410 Item,
1219 2376 1239 2405 si
1262 2380 1303 2405 est
1324 2377 1352 2405 in
1374 2378 1427 2406 hoc
1448 2378 1559 2407 nomine
1581 2379 1647 2407 idea
1671 2380 1834 2417 pluralitas,

991 2424 1039 2450 aut
1060 2422 1167 2451 ratione
1189 2423 1250 2451 eius
1269 2424 1347 2461 quod
1360 2428 1416 2458 est,
1439 2428 1488 2453 aut
1503 2425 1609 2454 ratione
1630 2426 1690 2455 eius
1705 2427 1746 2455 acl
1758 2428 1835 2465 quod

991 2472 1044 2497 est:
1066 2476 1119 2496 non
1143 2469 1249 2498 ratione
1270 2470 1331 2499 eius
1353 2471 1430 2508 quod
1449 2475 1506 2505 esc,
1528 2472 1594 2509 quia
1614 2475 1655 2501 est
1677 2473 1771 2502 divina
1795 2482 1835 2503 es-

991 2516 1093 2550 sentiag
1116 2516 1138 2545 si
1159 2517 1266 2545 ratione
1287 2518 1347 2546 eius
1368 2518 1409 2546 ad
1429 2519 1506 2556 quod
1526 2522 1579 2553 est,
1601 2527 1667 2556 ergo
1689 2528 1752 2549 cum
1774 2529 1835 2549 ver-

992 2562 1059 2591 bum
1080 2566 1107 2591 et
1128 2563 1277 2600 exemplar
1298 2567 1325 2592 et
1346 2572 1399 2592 ars
1421 2565 1513 2594 dicant
1534 2570 1693 2603 respectum
1708 2567 1742 2596 ad
1758 2575 1834 2596 crea-

154 2752 161 2766 1
180 2753 232 2774 Post
249 2758 297 2775 uno
316 2752 365 2775 Vat.
383 2759 436 2775 cum
455 2753 505 2775 cod.
524 2759 549 2776 cc
566 2755 614 2776 sinc
631 2760 699 2777 causa
718 2756 799 2783 repetit
815 2755 855 2779 sic.

153 2791 162 2805 ²
180 2791 271 2819 Quaest.
290 2791 326 2813 46.
344 2798 365 2813 n.
384 2792 405 2813 2.

153 2829 163 2844 3
180 2830 232 2852 Loc.
250 2831 286 2852 cit.
304 2830 362 2852 Vide
379 2837 449 2858 supra
467 2837 519 2859 pag.
537 2832 589 2859 602,
608 2832 713 2854 Scholion
731 2839 752 2855 n.
772 2833 785 2854 Ι.

155 2868 164 2883 ⁴
181 2869 236 2891 Nam
255 2870 335 2897 regula
353 2872 397 2897 est,
416 2870 478 2898 quod
495 2870 525 2892 ad
541 2871 692 2899 pluralitatem
705 2872 839 2894 relationum
852 2872 934 2894 suflicit

93 2908 208 2936 pluralitas
227 2910 293 2930 unius
311 2909 472 2936 termin0rum3
491 2910 551 2932 unde
569 2910 590 2931 in
608 2916 654 2932 uno
673 2914 757 2938 puncto
779 2913 884 2938 respecta
903 2910 934 2932 (li-

990 2762 1110 2778 versarum
1129 2756 1240 2778 linearum
1257 2760 1353 2784 possunt
1370 2764 1420 2779 esse
1438 2758 1515 2785 plures
1526 2758 1653 2780 relationes.
1666 2758 1710 2781 Csr.
1723 2759 1759 2781 hic
1777 2765 1798 2787 q.
1812 2758 1832 2781 4.

991 2795 1019 2816 ad
1038 2795 1058 2816 3.
1077 2794 1097 2816 Δ.
1115 2806 1146 2810 --
1163 2795 1232 2817 Paulo
1250 2797 1357 2823 superius
1374 2803 1416 2824 pro
1434 2796 1503 2819 habet
1519 2797 1568 2819 Vat.
1587 2796 1654 2819 habet
1671 2798 1754 2820 tamen.

1054 2833 1063 2847 ⁵
1081 2832 1135 2855 Cod.
1154 2834 1169 2855 Z
1187 2837 1208 2856 et
1229 2834 1265 2856 ed.
1289 2835 1297 2856 ll
1326 2837 1378 2863 post
1403 2837 1438 2858 est
1453 2835 1577 2858 subiiciunt
1598 2835 1634 2858 ibi.
1653 2836 1702 2858 Mox
1719 2843 1762 2864 pro
1780 2843 1834 2860 cum

990 2877 1037 2894 non
1056 2871 1085 2894 sil
1102 2878 1128 2894 re
1145 2872 1196 2894 cod.
1215 2872 1232 2894 T
1251 2878 1305 2895 curm
1322 2874 1453 2897 seeundum
1469 2880 1519 2897 rem
1537 2880 1583 2897 non
1602 2874 1638 2897 sit.

1847 2241 1876 2259 Ad
1889 2241 1963 2264 opposi—

1882 2267 1925 2282 [Ilm.
