2215 3404
647 200 729 228 DIST.
753 199 852 227 XXVII.
874 199 900 226 1).
923 198 940 226 Ι.
963 198 1034 226 ᾹΒΤ.
1058 198 1174 226 UNICUS
1196 198 1330 234 QUAEST.
1353 198 1382 226 ll.

147 284 204 303 trem
222 286 266 302 non
284 280 336 302 ideo
359 285 481 307 generare,
499 279 552 307 quia
570 279 640 307 pater
660 280 705 305 est,
728 283 769 300 nec
791 277 843 299 ideo
866 283 988 305 geum-arc.

148 320 200 348 quia
212 317 357 342 innascibilis
368 320 413 347 est,
431 318 484 346 quia
497 324 539 340 nec
556 317 666 339 habitudo
684 323 725 339 nec
737 316 876 339 habitudinis
892 317 990 344 privatio

147 361 181 380 est
197 358 253 380 ratio
271 357 413 385 producendi
430 362 561 385 personam.
579 357 605 378 Et
622 359 733 385 quantum
753 356 783 377 ad
800 356 843 377 hoc
859 361 942 377 verum
960 355 991 377 di-

147 399 192 424 cet,
209 396 250 418 sed
268 402 312 418 non
329 395 402 425 plene.
415 396 458 423 Qui
470 398 547 418 autem
563 394 699 424 plenarium
711 395 848 417 intellectum
861 395 922 422 capit
939 395 991 416 utri-

149 441 233 464 usque,
251 435 369 457 attendens
385 434 546 457 fecunditatem
564 434 682 461 importari
700 440 741 461 per
752 436 877 461 utrumque
894 439 990 459 nomen,

148 478 272 504 utrumque
284 475 354 497 dicet:
366 477 388 496 et
399 474 463 502 quod
480 475 584 501 generat,
596 473 649 501 quia
662 473 723 494 Deus
733 472 882 499 innascibilis,
895 476 918 494 et
929 472 991 500 quod

148 516 252 543 generat,
270 515 323 542 quia
340 514 401 535 Deus
418 515 489 540 pater.
511 512 598 534 Verum
615 514 649 533 est
665 512 738 539 enim,
756 511 819 539 quod
842 511 906 532 Pater
923 516 992 538 gene-

147 556 193 581 rat,
211 554 264 582 quia
282 553 335 574 nihil
354 551 422 574 habet
442 551 471 573 ab
489 551 544 578 alio,
561 550 602 573 sed
620 549 688 572 habet
708 550 770 572 unde
787 550 825 572 det
842 550 885 572 alii.
904 550 991 572 Verum

148 594 182 614 est
201 592 281 619 etiam,
304 590 367 619 quod
391 590 455 612 Pater
476 591 581 617 generat,
612 589 665 616 quia
688 588 848 610 fecunditatem
880 587 948 610 habet
969 589 990 609 in

148 629 298 658 producendo
316 629 358 651 sibi
375 635 417 656 per
434 629 509 650 omnia
527 628 625 650 similem
642 633 684 655 per
699 627 795 649 modum
812 629 912 648 naturae.

210 668 269 691 Cum
286 674 342 695 ergo
359 667 417 695 dixi,
435 666 497 695 quod
519 666 583 688 Pater
599 666 651 688 ideo
668 667 702 688 est
718 668 793 693 pater,
811 666 864 693 quia
886 668 991 693 generat,

148 710 171 730 et
186 713 231 729 non
248 707 300 729 ideo
318 708 422 734 generat,
441 706 494 734 quia
511 708 588 733 pater,
606 711 651 727 non
664 705 707 726 hoc
725 704 769 726 dixi
787 705 873 726 ratione
889 703 992 733 fecundi-

149 745 214 774 tatis,
233 751 303 774 quam
320 745 429 772 importat
445 745 488 765 hoc
504 749 587 766 nomen
604 742 735 772 paternitas
752 743 774 764 in
793 742 886 770 divinis,
904 742 945 764 sed
957 749 993 765 ra-

148 785 209 806 tione
230 782 384 811 habitudinis,
403 789 415 805 a
431 789 477 811 qua
499 788 581 804 nomen
599 782 669 809 patris
686 782 822 809 imponitur,
840 783 862 803 et
878 781 929 803 ideo
947 787 992 803 ma-

149 824 219 851 gistro
233 829 278 845 non
295 821 430 848 contradixi,
448 820 489 844 sed
499 820 543 844 hoc
559 820 591 843 ibi
602 820 678 843 dicere
690 820 759 843 omisi
768 821 790 842 et
806 826 870 843 nunc
881 819 989 849 suppleo,

148 861 211 891 quod
228 862 351 889 paternitas
368 866 413 882 non
431 859 589 882 tantummodo
606 859 660 882 dicit
677 858 847 887 habitudinem,
866 859 907 881 sed
924 860 992 881 etiam

148 899 321 930 fecunditatem.
339 899 403 922 Unde
420 899 471 921 licet
490 899 588 921 rationes
605 898 636 920 ibi
653 898 759 920 inductae
782 898 911 925 ostendant,
929 898 992 927 quod

149 946 194 962 non
211 939 263 961 ideo
280 942 384 967 generat,
406 939 458 967 quia
477 941 551 966 pater,
574 939 596 960 et
612 943 734 960 concessae
756 938 810 965 sint,
834 938 887 966 quia
910 944 993 960 veram

149 978 298 1006 concludunt,
321 977 449 1000 secundum
470 976 533 1005 quod
552 977 622 1005 pater
644 977 769 1003 imponitur
790 976 819 998 ab
842 975 991 1005 habitudine,-

149 1017 282 1039 addendum
299 1017 350 1044 fuit,
369 1015 432 1044 quod
449 1021 497 1038 non
514 1015 663 1042 concludunt,
682 1015 810 1038 secundum
828 1015 891 1044 quod
909 1022 991 1038 nomen

149 1056 220 1084 patris
237 1057 344 1083 importat
359 1054 532 1083 fecunditatem.
551 1053 608 1076 Cum
626 1056 702 1076 autem
720 1054 776 1081 dixi,
795 1054 858 1082 quod
875 1054 939 1076 Pater
956 1061 992 1082 ge-

149 1096 224 1122 nerat,
242 1095 295 1123 quia
312 1094 373 1116 Deus
396 1093 543 1121 innascibilis,
567 1099 611 1115 uon
634 1093 677 1115 hoc.
693 1093 749 1121 dixi,
771 1094 792 1115 in
816 1095 926 1121 quantum
949 1094 993 1115 1100

149 1133 213 1161 quod
230 1135 264 1155 est
278 1131 423 1155 innascibilis
435 1133 542 1159 importat
553 1133 705 1159 privationem
723 1131 872 1159 habitudinis;
885 1133 917 1154 510
932 1133 992 1154 00101

150 1173 218 1199 negat
229 1172 350 1199 magister,
368 1170 409 1193 sed
421 1171 464 1192 hoc
475 1170 534 1205 dixi,
551 1171 573 1192 in
592 1173 702 1199 quantum
715 1171 736 1192 in
749 1171 841 1193 nomine
852 1170 993 1193 innascibili-

150 1209 204 1232 tatis
213 1209 325 1232 clauditur
337 1210 435 1237 potentia
448 1209 629 1232 fecunditatis&
641 1210 684 1231 hoc
697 1210 851 1231 necessarium
863 1211 897 1231 est
908 1215 992 1237 ponere

150 1248 179 1270 ad
191 1249 245 1276 hoc,
263 1248 326 1277 quod
337 1248 498 1270 innascibilitas
514 1249 543 1271 sit
560 1249 697 1276 proprietas,
715 1249 774 1270 sicut
790 1248 821 1270 ibi
841 1248 994 1275 multipliciter

150 1289 267 1309 ostensum
284 1287 332 1309 fuit.
351 1287 421 1314 Magis
438 1289 515 1309 autem
532 1286 625 1309 adhaesi
642 1287 696 1309 huic
713 1287 830 1314 positioni,
849 1286 912 1315 quod
931 1287 994 1309 Pater

150 1328 256 1353 generat,
274 1326 327 1353 quia
344 1325 405 1347 Deus
421 1324 577 1353 innascibilis,
597 1331 642 1347 000
659 1326 713 1353 quia
738 1325 899 1348 innascibilitas
920 1326 994 1352 magis

151 1364 179 1386 sit
195 1363 257 1386 ratio
279 1362 410 1392 uenerandi
426 1369 495 1391 quam
521 1364 655 1391 paternitas,
680 1363 722 1385 sed
743 1364 794 1391 quia
813 1364 887 1391 magis
908 1367 941 1386 051
963 1363 993 1385 ibi

150 1403 239 1430 surius,
259 1402 316 1424 ultra
334 1408 404 1430 quem
422 1408 466 1424 non
484 1403 593 1430 contingit
609 1408 727 1430 quaerere.
745 1403 767 1424 Si
780 1403 840 1424 enim
858 1404 993 1431 quaeratur,

152 1440 215 1469 quod
233 1440 352 1469 [qitare?]
370 1440 435 1462 Pater
452 1443 555 1468 generat,
568 1443 590 1462 et
606 1441 784 1469 respondeatur:
802 1442 854 1469 qula
868 1444 931 1468 pater
948 1444 993 1469 est,

151 1478 174 1501 id
191 1481 235 1506 est,
249 1478 360 1501 fecundus
372 1478 508 1501 fecunditate
525 1481 629 1507 naturae,
641 1479 717 1501 adhuc
729 1479 842 1501 dubitabit
853 1482 875 1501 et.
889 1482 993 1508 quaeret,

151 1523 223 1545 quare
240 1516 282 1540 illa
299 1518 398 1545 potentia
416 1518 490 1545 magis
510 1521 544 1540 est
568 1517 664 1540 fecunda
686 1524 755 1546 quam
773 1517 839 1540 alia?
861 1519 887 1540 Et
903 1525 994 1546 respou-

152 1555 254 1578 debitur:
272 1557 315 1578 hoc
331 1558 375 1584 051,
393 1557 446 1584 quia
464 1557 514 1584 ipsa
530 1563 543 1578 a
560 1556 621 1578 nullo
639 1557 682 1579 alio
700 1556 767 1579 habet
784 1563 841 1579 esse.
864 1557 916 1579 Ideo
934 1558 994 1579 00101

156 1603 166 1615 ε(
178 1595 243 1618 Pater
260 1598 294 1617 est
310 1596 378 1618 totius
399 1595 486 1617 deitatis
503 1595 655 1623 principium,
673 1596 726 1624 quia
744 1602 755 1617 a
774 1596 872 1624 nullo»,
893 1599 918 1618 111
942 1596 995 1618 dicit

152 1633 264 1661 Magister.
277 1633 323 1655 Hac
340 1633 426 1655 ratione
443 1633 542 1660 reddita,
555 1632 585 1655 ibi
597 1635 668 1655 status
685 1636 719 1655 est
737 1639 777 1655 uec
797 1636 830 1655 est
847 1634 903 1656 ultra
916 1640 996 1661 proce-

153 1671 214 1694 dere.
233 1672 257 1694 Et
273 1671 325 1693 idco
343 1671 399 1699 dixi,
417 1671 480 1699 quod
492 1671 556 1693 Pater
573 1673 678 1699 generat,
697 1673 749 1700 quia
767 1672 828 1694 Deus
845 1672 994 1700 innascibilis,

153 1716 197 1732 non
215 1713 240 1732 ut
255 1710 397 1737 assignarem
414 1711 566 1737 generationis
581 1710 705 1739 propr-iam
721 1710 849 1739 rationem,
869 1711 909 1733 sed
922 1712 996 1738 magis

153 1751 247 1776 propter
272 1747 429 1778 inquisitionis
453 1748 648 1772 terminationem.
674 1749 730 1771 Nam
756 1750 777 1771 in
803 1751 895 1772 nomine
920 1750 996 1779 patris

152 1788 289 1815 importatur
300 1788 356 1809 ratio
373 1788 536 1816 generationis,
554 1791 579 1810 ut
587 1787 699 1817 propria,
720 1789 811 1811 nomine
823 1795 879 1810 1010
896 1788 996 1811 innasci-

154 1825 261 1854 bilitatis,
279 1829 303 1849 ut
315 1826 411 1855 mima,-
428 1827 450 1848 in
464 1833 509 1849 uno
526 1827 699 1855 antecedenter,
719 1829 740 1849 in
753 1828 796 1850 alio
814 1829 996 1857 consequenter,-

153 1866 175 1887 in
193 1871 239 1887 uno
256 1865 422 1893 cwimitnilff,
442 1866 463 1887 in
482 1866 552 1888 altero
569 1865 734 1895 specialiter».

216 1903 239 1924 11.
250 1903 295 1924 lam
305 1903 390 1925 dictum
403 1906 436 1925 cst
447 1909 517 1931 supra
527 1910 579 1931 pag.
592 1903 643 1932 472,
656 1907 706 1926 nota
717 1904 738 1929 5
748 1907 770 1926 et
781 1905 908 1932 Prolegom.
919 1905 995 1933 LXlll,

153 1944 206 1964 nota
218 1942 242 1969 2,
256 1942 319 1970 quod
330 1941 397 1963 codd.
410 1942 427 1963 G
440 1948 466 1964 aa
479 1942 511 1964 bb
524 1943 577 1964 huic
589 1944 714 1970 quaestioni
727 1944 780 1965 satis
793 1943 898 1966 diffusam
911 1944 997 1972 disqui-

153 1981 258 2003 sitionem
280 1980 367 2003 addunt
384 1987 426 2008 pro
451 1981 583 2009 explicanda
601 1984 623 2004 et
635 1982 777 2004 defendenda
795 1984 903 2005 sententia
921 1983 942 2005 S.
955 1984 996 2005 Do-

154 2020 228 2041 ctoris.
247 2019 367 2047 Quaeritur
380 2020 460 2047 igitur,
478 2023 554 2042 utrum
569 2021 611 2042 hoc
627 2021 808 2043 additamentum
820 2021 849 2044 ab
861 2022 911 2049 ipso
923 2022 944 2044 S.
957 2023 997 2044 Bo-

154 2060 280 2080 naventura
292 2059 319 2080 sit
336 2059 454 2086 scrtptum.
468 2059 610 2081 Manifestum
621 2062 655 2082 est
666 2066 692 2082 ex
704 2060 855 2088 praecedente
869 2061 997 2088 fragmento

154 2096 258 2118 anecdoti
272 2096 371 2124 Prologi,
389 2096 445 2119 illud
457 2098 567 2125 scriptum
580 2103 625 2119 uon
642 2098 712 2120 fuisse
723 2101 811 2126 partem
823 2098 996 2127 Commentarii,

154 2138 179 2158 ut
195 2136 224 2158 ab
237 2138 329 2159 auctore
346 2137 452 2164 primitus
463 2139 511 2159 erat
521 2137 603 2159 editus,
615 2137 701 2159 Deinde
717 2144 744 2160 ex
754 2138 832 2160 verbis
843 2139 902 2160 illius
913 2138 997 2161 addita-

155 2175 224 2197 menti
240 2183 250 2194 α
263 2175 373 2203 Superius
385 2174 526 2197 distinctione
544 2181 602 2197 nona
612 2184 623 2195 »
632 2193 637 2203 ,
650 2177 672 2197 01
686 2183 696 2195 «z
706 2176 764 2198 sicut
775 2176 832 2198 infra
843 2176 959 2198 videbitur
971 2185 981 2196 D
992 2195 996 2204 ,

156 2213 253 2242 (50111001
265 2213 285 2235 (1.
299 2214 345 2242 28.)
360 2214 425 2241 argui
439 2216 524 2241 potest,
543 2213 599 2236 illud
611 2214 804 2236 considerandum
821 2221 872 2237 esse
889 2217 997 2243 tanquam

155 2254 244 2279 partem
261 2252 356 2274 alicuius
375 2251 536 2274 Commentarii
553 2253 575 2274 in
596 2252 681 2274 librum
698 2253 872 2275 Sententiarum.
895 2254 998 2282 Denique

155 2293 227 2319 patet,
246 2291 304 2312 lianc
316 2290 497 2319 disquisitionem
509 2297 553 2313 non
571 2297 622 2313 esse
639 2292 681 2313 nisi
693 2292 831 2319 longiorem,
849 2292 891 2314 sed
907 2292 998 2314 fidelem

155 2330 178 2351 et
193 2329 215 2350 10
233 2329 289 2356 ipsis
305 2328 383 2351 verbis
400 2335 469 2357 saepe
486 2330 660 2352 convenientem
676 2331 841 2358 expositionem
857 2331 906 2353 cius
919 2331 999 2353 doctri-

156 2374 210 2396 nae,
229 2373 288 2396 quae
299 2368 321 2389 iu
340 2367 400 2390 dicto
413 2368 509 2396 Prologo
526 2369 663 2396 continetur,
681 2370 802 2398 ipsamque
820 2375 864 2391 non
880 2370 998 2398 indignam

156 2412 206 2428 esse
225 2407 284 2428 tanto
296 2405 400 2427 Doctore.
419 2406 522 2428 Attamen
538 2408 659 2429 auctoritas
676 2408 745 2429 trium
763 2407 881 2436 codicum,
894 2408 999 2431 licetsint

157 2445 254 2473 antiqui,
277 2451 322 2466 non
339 2445 444 2467 sufficere
470 2445 535 2467 nobis
557 2446 659 2474 videtur,
685 2449 710 2468 ut
731 2447 845 2469 affirmare
871 2448 998 2475 possimus,

158 2484 372 2506 S.Bonaventuram
389 2490 439 2506 0550
456 2484 524 2506 110105
541 2485 618 2512 scripti
636 2487 759 2508 auctorem.
773 2486 828 2508 Fieri
846 2487 906 2508 enim
920 2488 999 2515 potuit,

158 2525 182 2544 ut
198 2528 225 2544 ex
242 2523 297 2550 ipsis
314 2522 392 2544 verbis
408 2523 536 2551 Seraphici,
554 2524 575 2545 in
593 2524 681 2551 schola,
700 2527 754 2547 teste
767 2525 804 2546 illo
821 2525 931 2553 PrologO,
949 2532 998 2553 pro-

158 2561 218 2589 latis,
237 2561 318 2590 aliquis
334 2568 361 2583 ex
384 2562 433 2583 eius
450 2562 567 2590 discipulis
584 2563 627 2585 hoc
644 2563 824 2586 additamentum
845 2567 1000 2592 composuerit

158 2603 180 2623 et
196 2601 262 2622 alicui
284 2601 407 2628 exemplari
432 2601 501 2623 liuius
525 2601 686 2624 Commentarii
703 2604 850 2631 apposuerit,
875 2604 911 2625 101
937 2604 1000 2632 quod

158 2645 185 2661 ex
218 2640 294 2668 aliquo
327 2641 411 2668 scripto
446 2640 612 2668 discipulorum
644 2641 747 2664 eiusdem
780 2649 851 2670 super
879 2644 1000 2665 sententias

159 2680 237 2705 postea
254 2680 330 2700 nostro
351 2677 519 2701 Commentario
536 2679 645 2701 insertum
657 2680 692 2701 sit.
708 2680 894 2703 Examinavimus
906 2682 999 2709 quidem

159 2717 223 2745 plura
247 2717 357 2745 opuscula
375 2717 540 2745 discipulorum
560 2718 582 2740 S.
601 2718 703 2741 Doctoris
720 2719 748 2741 de
771 2720 813 2741 hac
829 2726 853 2741 10
871 2721 998 2747 tractantia,

159 2755 199 2777 sed
216 2756 305 2777 frustra.
323 2755 433 2778 Remanet
449 2757 525 2778 autem
543 2756 652 2784 dubium,
671 2763 699 2779 ne
715 2758 810 2779 fortasse
828 2758 850 2779 in
862 2758 910 2780 aliis
927 2759 1002 2786 operi-

159 2793 203 2815 bus
219 2794 291 2821 possit
307 2794 453 2816 inveniri.—
465 2794 615 2817 Nihilominus
632 2801 676 2817 non
694 2796 845 2823 improbabile
863 2799 906 2824 cst,
920 2797 941 2818 S.
960 2797 1002 2819 Bo-

159 2835 309 2854 naventuram
327 2835 379 2860 post
395 2832 589 2855 Commentarium
606 2835 651 2855 iam
669 2834 756 2857 editum
772 2835 802 2856 illi
815 2835 930 2858 addidisse
942 2842 1001 2864 quae

159 2872 213 2893 viva
230 2877 287 2893 voce
304 2872 327 2893 in
344 2872 427 2894 scholis
444 2872 564 2900 docuerat,
582 2878 634 2894 cum
646 2874 668 2894 in
686 2874 783 2902 Prologo
796 2874 867 2897 dicat:
888 2883 898 2894 α
911 2875 958 2897 1100
970 2875 1001 2897 ibi

159 2909 235 2931 dicere
252 2910 318 2931 omisi
330 2913 352 2932 et
368 2916 429 2932 nunc
440 2911 536 2938 suppleo
549 2919 570 2933 1).
588 2912 632 2939 lpsi
648 2912 718 2940 igitur
728 2913 805 2935 visum
822 2916 868 2940 est,
885 2913 960 2941 aliqua
972 2913 1002 2935 ad

160 2948 317 2975 explicandam
338 2950 471 2971 sententiam
493 2956 558 2972 suam
576 2953 704 2978 opportuna
727 2951 797 2974 fuisse
814 2952 835 2973 in
858 2958 900 2974 suo
918 2953 1001 2979 scripto

301 3002 325 3025 S.
344 3003 429 3026 Bonae.
447 3016 478 3019 —
495 3004 560 3026 Tom.
579 3004 592 3026 l.

1830 201 1887 230 473

1046 276 1137 297 omissa.
1156 275 1379 304 Quomodocumque
1397 282 1433 298 res
1449 282 1473 298 se
1491 276 1583 305 habeat,
1601 277 1669 305 digna
1687 282 1721 300 est
1742 280 1797 301 hacc
1819 280 1887 302 trium

1047 313 1153 335 codicum
1170 314 1266 341 additio,
1284 320 1343 342 quae
1360 315 1396 336 1110
1413 315 1530 337 inseratur.
1543 315 1635 343 Aliquas
1652 316 1758 339 lectiones
1775 319 1889 340 variantes

1046 352 1131 374 codicis
1148 352 1166 374 G
1184 353 1272 374 uncinis
1289 353 1377 375 clausas
1394 354 1552 380 apposuimus.

1113 399 1122 410 «
1134 391 1181 413 Nou
1199 394 1233 413 est
1249 394 1325 413 autem
1342 392 1580 420 praetermittendum,
1599 393 1662 421 quod
1682 399 1735 415 cum
1758 396 1887 423 quaeritur,

1048 432 1125 451 utrum
1143 430 1233 458 (quare)
1252 432 1315 457 pater
1333 432 1424 457 generet
1443 430 1574 459 (generat),
1593 432 1644 459 quia
1664 435 1738 460 pater,
1756 439 1783 454 an
1805 440 1817 454 0
1835 440 1888 455 cou-

1047 475 1127 496 verso,
1145 469 1202 491 solet
1214 468 1262 491 fieri
1279 469 1394 497 quaedam
1412 469 1534 497 distinctio,
1548 471 1593 499 (ex)
1610 471 1713 499 eoquod
1730 473 1862 500 paternitas,
1876 479 1888 494 a

1048 514 1093 536 qua
1111 514 1194 530 nomen
1211 507 1287 537 patris
1305 508 1451 535 importatur,
1464 511 1539 535 potest
1550 509 1686 531 considerari
1705 512 1729 531 ut
1746 511 1886 539 proprietas,

1049 547 1084 568 vel
1102 550 1126 569 ut
1142 546 1233 569 relatio.
1251 546 1274 568 Si
1291 546 1448 569 consideretur
1469 550 1493 569 ut
1508 547 1653 575 proprietas,
1679 549 1711 570 sic
1728 552 1760 571 est
1781 550 1889 576 pericctio

1048 591 1159 614 personae
1177 585 1258 613 Patris,
1280 586 1301 607 in
1325 587 1436 613 quantum
1457 592 1554 613 persona
1577 586 1641 614 talis,
1663 589 1685 608 et
1701 587 1755 615 1100,
1778 589 1830 616 quia
1853 592 1887 611 est

1049 625 1176 652 proprietas
1193 624 1330 652 personalis,
1342 627 1364 646 et
1376 625 1428 652 quia
1446 625 1520 646 omnis
1537 627 1610 653 actus,
1628 626 1666 653 qui
1684 627 1790 648 convenit
1807 633 1891 655 suppo-

1049 664 1101 691 sito,
1120 663 1252 691 intelligitur
1268 664 1391 685 convenire
1408 664 1494 685 ratione
1511 663 1606 685 alicuius
1622 665 1766 691 proprietatis
1783 668 1804 687 et
1821 666 1889 694 quali-

1048 702 1098 724 tatis
1115 704 1137 724 et
1153 703 1247 724 formae.
1264 702 1312 724 Hoc
1332 702 1402 724 modo
1425 702 1557 730 accipiendo
1576 702 1764 732 (paternitatem),
1776 710 1889 733 =(fenerare

1049 741 1156 762 convenit
1173 746 1284 768 personae
1301 741 1372 763 Patris
1392 744 1413 763 et
1430 741 1561 769 intelligitur
1579 743 1715 770 convenire,
1733 744 1785 771 quia
1803 747 1837 765 est
1854 750 1891 772 pa-

1048 782 1088 802 ter.
1106 780 1129 801 Si
1147 782 1223 802 autem
1246 779 1403 802 consideretur
1425 780 1547 807 paternitas
1569 783 1593 802 ut
1616 780 1710 806 relatio.
1735 787 1787 803 011111
1811 782 1889 804 relatio

1048 818 1109 841 dicat
1125 821 1256 846 respectum
1273 818 1302 840 ad
1320 819 1427 846 alterum,
1449 819 1533 841 scilicet
1553 818 1582 840 ad
1603 819 1686 846 tilium,
1708 820 1740 841 sic
1762 822 1890 843 necessario

1049 858 1159 885 supponit
1174 857 1312 879 intellectum
1328 856 1382 887 filii,
1402 860 1424 880 et
1440 858 1565 880 intellectus
1581 857 1625 887 filii
1641 858 1779 881 intellectum
1796 865 1890 888 §enera-

1049 895 1125 923 tionis,
1140 901 1166 917 ac
1177 902 1219 923 per
1231 897 1284 923 1100,
1303 898 1414 924 quantum
1431 897 1461 918 ad
1472 897 1582 919 rationem
1599 897 1748 925 intelligendi,
1766 898 1890 920 intellectus

1047 933 1195 963 paternitatis
1213 934 1350 956 intellectum
1368 935 1534 962 praesupponit
1550 935 1715 963 qenerationis.
1737 936 1762 957 Et
1779 939 1890 964 quantum

1048 973 1078 995 ad
1094 974 1162 995 istum
1181 972 1267 1001 (hunc)
1286 973 1423 995 intellectum
1445 979 1527 995 101010
1549 977 1592 1001 est,
1611 974 1673 1001 quod
1696 973 1768 1003 (quia)
1787 974 1838 996 ideo
1858 978 1892 997 est

1049 1014 1123 1039 pater,
1141 1013 1194 1040 quia
1212 1015 1312 1039 generat.
1330 1012 1355 1033 Et
1372 1012 1498 1034 secundum
1522 1013 1562 1034 has
1579 1012 1636 1034 duas
1653 1014 1703 1035 vias
1721 1013 1827 1036 declinari
1845 1014 1891 1040 (de-

1049 1052 1178 1079 terminari)
1202 1057 1269 1078 posse
1291 1051 1399 1073 videntur
1421 1052 1530 1079 rationes,
1552 1058 1611 1080 quae
1629 1052 1686 1073 fiunt
1710 1052 1739 1074 ad
1760 1056 1836 1080 partes
1853 1059 1891 1080 op-

1047 1091 1139 1118 positas.

1111 1129 1169 1151 Huic
1196 1131 1272 1151 autem
1301 1128 1438 1151 distinctioni
1466 1128 1560 1151 obviare
1589 1129 1695 1151 videntur
1723 1136 1792 1158 quam
1818 1130 1890 1157 plura.

1049 1167 1104 1188 Nam
1127 1167 1176 1189 talis
1193 1167 1305 1189 distinctio
1324 1173 1365 1189 nec
1387 1167 1479 1189 videtur
1495 1166 1520 1189 in
1536 1173 1560 1189 se
1584 1167 1675 1195 valere,
1694 1174 1735 1189 1100
1756 1167 1789 1190 ad
1806 1174 1891 1197 propo—

1049 1204 1127 1227 sitam.

1117 1245 1133 1266 l.
1151 1245 1177 1266 111
1195 1250 1219 1267 se
1235 1245 1329 1273 quidem
1341 1244 1432 1267 videtur
1449 1251 1461 1266 a
1478 1244 1612 1266 rectitudine
1624 1244 1717 1266 deviare
1734 1246 1819 1272 primo,
1838 1246 1890 1273 quia

1050 1284 1071 1304 in
1090 1283 1174 1305 dixinis
1196 1283 1273 1305 relatio
1296 1286 1330 1305 est
1350 1284 1457 1311 superius
1478 1284 1507 1305 ad
1529 1285 1692 1311 proprietatem
1713 1284 1761 1305 sive
1778 1283 1801 1306 in
1819 1283 1888 1313 plus,

1050 1322 1104 1350 quia
1121 1323 1276 1349 communion
1295 1323 1402 1350 quamvis
1420 1328 1464 1344 non
1477 1323 1504 1344 sit
1521 1323 1542 1343 in
1561 1322 1644 1344 divinis
1656 1323 1748 1350 proprie
1765 1323 1858 1344 inferius
1870 1325 1892 1344 et

1050 1361 1166 1389 superius;
1185 1361 1259 1383 omnis
1276 1362 1336 1382 enim
1354 1361 1479 1388 personalis
1496 1362 1624 1388 proprietas
1635 1363 1669 1382 051
1686 1361 1776 1389 relatio,
1794 1361 1890 1383 sednon

1051 1406 1063 1421 0
1080 1405 1199 1421 converso.
1217 1399 1262 1421 Sed
1279 1400 1337 1421 inter
1353 1400 1446 1421 inferius
1463 1403 1485 1422 01
1501 1400 1608 1427 superius
1625 1400 1684 1421 nulla
1696 1399 1755 1421 cadit
1772 1399 1891 1421 distinctio.

1050 1438 1107 1459 Nihil
1124 1439 1185 1460 enim
1202 1442 1236 1460 est
1253 1438 1338 1466 dicere,
1357 1438 1421 1466 quod
1442 1438 1524 1460 albedo
1547 1440 1620 1465 potest
1637 1444 1687 1460 csse
1704 1444 1787 1460 nomen
1803 1439 1891 1466 coloris,

1051 1477 1086 1498 vel
1105 1483 1188 1498 000100
1206 1478 1326 1505 qualitatis.
1339 1477 1409 1505 Igitur
1421 1478 1567 1499 consimiliter
1580 1478 1639 1499 nulla
1657 1481 1689 1499 051
1703 1477 1826 1505 distinctio,
1839 1483 1891 1499 00111

1051 1515 1209 1543 distinguitur,
1222 1515 1284 1544 quod
1296 1516 1420 1543 paternitas
1437 1518 1511 1544 potest
1522 1522 1571 1538 0550
1590 1522 1673 1538 nomen
1684 1516 1841 1545 proprietatis,
1856 1517 1892 1538 vel

1051 1554 1180 1577 relationis.

1115 1595 1135 1616 2.
1154 1594 1252 1622 Rursus,
1271 1595 1357 1616 nullum
1376 1600 1458 1617 nomen
1476 1595 1497 1616 in
1516 1595 1599 1617 divinis
1616 1598 1690 1622 potest
1706 1601 1755 1616 0550
1772 1595 1893 1622 proprium

1053 1639 1176 1661 personae,
1196 1634 1236 1655 11151
1260 1633 1319 1655 dicat
1340 1636 1469 1661 respectum
1488 1634 1517 1655 ad
1539 1634 1642 1655 alterum.
1660 1633 1732 1655 Omne
1744 1634 1812 1661 euim,
1830 1634 1893 1662 quod

1051 1673 1073 1693 10
1092 1672 1175 1694 (11111115
1192 1672 1295 1694 absolute
1313 1672 1406 1700 dicitur,
1424 1673 1553 1694 necessario
1575 1666 1656 1694 dicitur
1678 1673 1706 1695 dc
1728 1673 1813 1701 trihus,
1836 1674 1894 1695 sicut

1052 1711 1100 1733 vult
1118 1711 1265 1739 Augustinus.
1284 1711 1306 1733 Si
1324 1717 1380 1739 ergo
1397 1712 1520 1739 paternitas
1538 1712 1639 1733 nominat
1661 1718 1771 1739 personae
1792 1712 1894 1739 proprie-

1052 1751 1132 1777 tatem,
1156 1750 1199 1771 hoc
1225 1755 1269 1771 non
1294 1752 1339 1777 est,
1365 1750 1407 1771 nisi
1430 1750 1482 1778 quia
1509 1750 1562 1771 dicit
1583 1753 1712 1777 respectum
1737 1756 1847 1777 personae
1864 1750 1893 1771 ad

1052 1795 1186 1816 personam:
1204 1795 1272 1817 crgo,
1291 1789 1462 1817 circumscripta
1484 1789 1592 1811 relatione
1613 1796 1655 1817 per
1677 1790 1825 1817 intellectum,
1848 1789 1893 1810 iam

1053 1833 1097 1849 non
1115 1829 1157 1849 crit
1173 1828 1307 1855 proprietas.
1332 1828 1458 1851 Intellectus
1480 1830 1549 1857 igitur
1566 1829 1678 1851 relationis
1704 1829 1725 1850 in
1743 1828 1826 1850 divinis
1848 1833 1892 1849 non

1052 1868 1126 1893 potest
1143 1866 1300 1888 circumscribi
1318 1866 1346 1888 ab
1358 1867 1471 1889 intellectu
1483 1868 1628 1895 proprietatis
1646 1873 1687 1889 1100
1698 1873 1724 1889 re
1741 1873 1782 1889 nec
1794 1866 1892 1889 ratione.

1053 1905 1074 1926 Si
1100 1905 1169 1932 igitur
1193 1905 1253 1926 nulla
1279 1905 1339 1928 cadit
1364 1906 1477 1928 distinctio
1501 1906 1559 1928 inter
1580 1912 1621 1934 00,
1642 1912 1741 1934 quorum
1766 1911 1837 1927 unum
1860 1908 1894 1927 est

1053 1943 1109 1965 ratio
1134 1943 1272 1971 intelligendi
1300 1944 1386 1972 reliqua
1398 1962 1403 1971 ,
1431 1950 1472 1965 1100
1500 1944 1612 1966 (1151100110
1640 1945 1698 1965 inter
1725 1950 1750 1965 ea
1761 1961 1766 1971 ,
1794 1949 1893 1972 quorum

1052 1988 1125 2003 unum
1151 1988 1195 2004 non
1213 1984 1287 2010 potest
1309 1983 1385 2011 aliquo
1402 1982 1472 2004 modo
1495 1983 1600 2010 intelligi,
1618 1983 1687 2004 altero
1710 1983 1893 2009 circumscripto:

1053 2020 1111 2042 redit
1128 2021 1208 2049 igitur,
1230 2021 1293 2049 quod
1310 2021 1371 2043 nulla
1394 2022 1422 2043 sit
1443 2021 1557 2049 praedicta
1575 2021 1702 2049 distinctio,
1725 2021 1808 2043 scilicet
1831 2021 1894 2050 quod

1053 2061 1176 2087 paternitas
1193 2060 1265 2087 possit
1281 2066 1331 2082 esse
1348 2061 1476 2088 proprietas
1492 2060 1528 2081 101
1546 2060 1630 2082 relatio.

1117 2099 1137 2120 3.
1155 2098 1270 2126 Amplius,
1288 2099 1420 2126 paternitas,
1438 2100 1507 2126 prout
1518 2101 1552 2120 est
1568 2099 1695 2126 proprietas
1709 2099 1730 2120 in
1744 2099 1837 2127 divinis,
1854 2099 1894 2120 ali—

1053 2144 1099 2166 quo
1117 2138 1187 2159 modo
1209 2137 1366 2165 praedicatur:
1389 2140 1428 2160 aut
1444 2143 1500 2165 ergo
1522 2138 1544 2159 in
1562 2137 1629 2167 qaid,
1656 2140 1695 2159 aut
1716 2139 1738 2159 in
1756 2137 1836 2167 quale,
1856 2140 1894 2160 aut

1053 2176 1077 2199 in
1095 2176 1210 2206 quomodo
1228 2182 1252 2199 se
1268 2175 1341 2199 habet.
1360 2177 1382 2198 Si
1402 2177 1423 2198 in
1442 2176 1510 2205 quid.-
1528 2182 1583 2204 ergo
1601 2182 1683 2198 nomen
1702 2176 1756 2198 illud
1771 2177 1844 2204 magis
1860 2179 1895 2199 est

1054 2215 1192 2238 substantiae
1204 2221 1287 2237 nomen
1300 2221 1370 2243 quam
1382 2216 1534 2243 proprietatis.
1546 2216 1568 2237 Si
1580 2216 1601 2237 in
1619 2214 1704 2244 ᾳιιιιῐθς
1716 2215 1756 2237 sed
1771 2215 1814 2243 (et)
1827 2222 1894 2238 omne

1054 2254 1118 2283 quod
1135 2254 1279 2282 praedicatur
1296 2255 1318 2276 in
1331 2254 1413 2276 divinis
1430 2256 1455 2276 ut
1471 2255 1492 2276 in
1506 2253 1584 2283 quale,
1604 2255 1715 2277 transitio
1733 2254 1893 2283 substantiam,

1054 2293 1112 2315 sicut
1136 2293 1185 2315 vult
1206 2293 1313 2315 Boethius
1338 2296 1360 2316 et
1381 2294 1529 2323 Augustinus.
1547 2294 1572 2316 Et
1589 2293 1642 2315 nihil
1660 2293 1702 2315 tale
1724 2297 1757 2315 051
1774 2294 1895 2321 proprium

1054 2337 1178 2360 personae:
1200 2338 1256 2360 ergo
1273 2333 1396 2359 paternitas
1419 2338 1463 2354 non
1486 2334 1520 2354 est
1536 2333 1656 2360 proprium
1678 2338 1796 2359 personae.
1819 2332 1895 2354 Restat

1054 2378 1122 2399 erge,
1140 2371 1203 2400 quod
1220 2371 1365 2399 praedicatur
1387 2373 1412 2393 ut
1428 2370 1543 2400 quomodo
1560 2377 1584 2393 se
1605 2370 1693 2394 habens
1710 2370 1818 2400 (habet),
1842 2372 1894 2399 quia

1055 2412 1124 2433 alium
1141 2411 1237 2433 modum
1255 2416 1300 2432 non
1317 2414 1351 2433 est
1367 2411 1495 2438 assignare,
1513 2410 1639 2432 secundum
1657 2417 1738 2439 quem,
1754 2411 1816 2439 quod
1828 2417 1840 2432 a
1857 2417 1895 2439 pa-

1054 2452 1157 2474 ternitate
1175 2450 1268 2477 dicitur,
1286 2449 1437 2477 praedicetur.
1455 2450 1480 2471 Et
1496 2449 1551 2471 illud
1563 2450 1646 2472 clarius
1662 2453 1766 2478 apparet,
1785 2452 1837 2479 quia
1850 2456 1893 2472 non

1055 2489 1207 2517 respondetur
1227 2488 1256 2510 ad
1276 2489 1433 2517 quaestionem
1456 2488 1537 2510 factam
1555 2495 1595 2516 per
1618 2488 1698 2518 quale.
1717 2489 1758 2511 sed
1775 2496 1817 2517 per
1838 2496 1895 2519 qno-

1055 2527 1124 2550 mocio
1142 2533 1165 2550 se
1182 2519 1275 2550 liabens.
1288 2527 1347 2555 Ergo
1365 2529 1390 2549 ut
1408 2527 1535 2554 proprietas
1552 2530 1594 2555 est,
1615 2528 1722 2555 importat
1738 2527 1894 2550 habitudinem

1056 2566 1085 2588 ad
1102 2566 1197 2588 alterum
1205 2584 1210 2593 ‚
1228 2568 1249 2588 et
1260 2567 1289 2588 ita
1300 2566 1447 2587 relationem:
1465 2571 1520 2593 ergo
1532 2566 1672 2593 impossibile
1683 2566 1774 2587 videtur
1785 2567 1894 2588 sustinere

1055 2605 1195 2633 praedictam
1213 2605 1384 2627 distinctionem.

1120 2643 1140 2665 li.
1159 2644 1286 2671 Postremo,
1305 2648 1357 2664 rum
1376 2642 1531 2670 distinguitur,
1550 2643 1612 2671 quod
1630 2643 1701 2671 (quia)
1719 2644 1840 2670 paternitas
1856 2649 1894 2670 po-

1056 2684 1098 2703 test
1110 2688 1159 2703 esse
1177 2682 1254 2703 relatio
1266 2682 1301 2703 vel
1314 2682 1453 2709 proprietas,
1472 2684 1510 2703 aut
1526 2682 1569 2703 hoc
1586 2686 1619 2703 est
1635 2681 1762 2703 secundum
1777 2681 1894 2703 diversita-

1057 2723 1101 2742 tem
1119 2726 1131 2741 a
1148 2722 1212 2747 parte
1229 2719 1277 2747 rei,
1297 2722 1336 2741 aut
1351 2719 1477 2742 secundum
1490 2720 1644 2742 diversitatem
1662 2727 1673 2741 a
1688 2722 1749 2747 pai-tc
1767 2719 1894 2748 1011411000-

1057 2758 1098 2780 tis.-
1117 2764 1161 2780 uon
1179 2758 1307 2780 secundum
1324 2758 1477 2781 diversitatem
1495 2765 1507 2780 a
1525 2762 1587 2785 parte
1604 2757 1653 2785 wi,-
1671 2759 1713 2779 1100
1725 2761 1822 2784 constat,
1842 2759 1893 2786 quia

1057 2797 1149 2818 omnino
1167 2795 1198 2818 ibi
1215 2799 1249 2818 est
1269 2802 1359 2818 summa
1379 2797 1521 2824 simplicitas,
1544 2799 1566 2818 01
1582 2796 1633 2817 ideo
1650 2795 1711 2817 idem
1732 2799 1765 2817 est
1781 2802 1894 2824 (tenerare.

1057 2838 1079 2857 et
1095 2841 1143 2857 esse
1158 2836 1267 2865 patrem,
1287 2838 1309 2857 et
1326 2834 1459 2864 paternitas
1476 2838 1497 2857 01
1518 2833 1644 2863 praestatio.
1661 2834 1707 2855 Erit
1729 2835 1797 2861 igitur
1814 2840 1894 2856 sccun—

1058 2874 1113 2895 dum
1131 2874 1284 2896 diversitatem
1303 2880 1315 2895 a
1332 2876 1396 2901 parte
1413 2872 1566 2902 intelliqentis.
1579 2872 1625 2895 Sed
1641 2874 1722 2895 contra
1733 2880 1740 2895 .·
1757 2874 1815 2894 sieut
1831 2874 1894 2895 intel—

1058 2913 1128 2934 lectus
1145 2915 1221 2934 noster
1237 2913 1346 2940 imposuit
1362 2911 1501 2934 vocabulum
1513 2910 1642 2940 qenai-ancli·
1658 2911 1700 2938 ipsi
1718 2911 1861 2938 productioni
1872 2914 1894 2933 et

1058 2951 1205 2978 emanationi,
1232 2951 1263 2973 sic
1289 2951 1395 2978 imposuit
1414 2949 1551 2972 vocabulum
1575 2949 1722 2978 paternitatis
1744 2951 1785 2977 ipsi
1809 2950 1894 2972 habitu-

1726 3005 1754 3025 <30
