2215 3404
679 154 760 181 DIST.
783 153 894 181 XXXIX.
917 154 988 181 ART.
1010 154 1040 181 11.
1062 154 1196 189 QUAEST.
1219 154 1258 182 111.

98 237 158 254 mem
176 231 291 253 doctrinae
309 232 330 252 S.
348 231 479 258 Augustini,
493 231 513 252 S.
527 231 643 258 Gregorii,
661 231 682 253 S.
704 231 803 252 Anselmi
826 233 848 252 et
864 231 887 252 S.
900 231 939 252 Bo-

97 272 243 292 naventurae.
262 269 317 290 Tota
336 269 457 291 difficultas
468 271 572 291 versatur
589 270 647 291 circa
665 271 749 290 rectam
769 269 938 296 intelligentiam

97 309 165 330 liuius
182 307 309 335 profundae
326 308 451 335 positionis.
470 307 533 329 Unde
552 308 607 329 haec
624 313 697 335 pauca
715 310 883 334 praenotamus.

164 347 180 368 l.
198 346 265 368 Aliud
281 350 315 368 est
327 352 391 369 nimo
408 346 471 371 (sive
489 347 574 368 instans
592 346 714 373 praesens)
733 346 854 373 temporis,
876 345 939 367 aliud

97 391 160 408 nwnc
177 386 239 413 aevi,
256 384 317 406 aliud
334 390 398 407 nunc
415 385 562 411 aeternitatis,
581 388 605 406 ut
621 384 681 406 hene
697 384 793 411 explicat
812 383 872 405 Alex.
890 384 938 405 l-lal.

98 424 134 451 (S.
151 430 173 452 p.
192 424 205 445 1.
223 430 245 452 q.
265 424 300 445 13,
326 429 356 445 m.
380 424 400 445 9.
424 429 443 445 a.
462 422 482 444 4.
500 422 513 450 S
531 423 574 450 3.).
597 423 684 445 Sufficit
706 424 743 444 hic
765 423 853 449 dicere,
876 423 939 451 quod

97 469 160 485 mum
171 462 281 491 temporis
297 465 332 484 est
344 463 429 483 instans
445 461 590 489 indivisibile,
604 462 685 489 raptim
703 462 800 490 fugiens,
822 462 884 490 quod
904 468 939 484 co-

97 502 159 529 pulat
176 504 266 528 tempus
282 501 347 528 prius
364 506 417 522 cum
434 501 571 528 posteriore;
590 506 653 523 tinne
670 500 815 523 aeternitatis
833 504 867 523 est
889 502 938 528 ipsa

97 540 228 567 aeternitas,
246 545 305 567 quae
322 539 408 561 ratione
425 538 524 560 infinitae
541 539 690 566 simplicitatis
710 542 744 561 est
765 540 813 562 tota
830 539 902 562 simul
917 542 939 562 et

97 576 249 605 indivisibilis,
268 580 290 599 et
307 578 349 599 hac
366 578 452 599 ratione
469 577 548 599 similis
561 578 650 599 instanti
667 577 799 599 indivisibili
816 579 937 605 temporis,

95 616 181 638 rationo
199 622 254 637 vero
271 616 429 637 immensitatis
446 616 567 637 illimitatae.
584 622 664 638 omnes
681 616 811 638 durationes
830 618 939 644 temporis

96 657 118 676 et
133 655 184 676 aevi
200 655 377 676 eminentissime
395 655 416 675 iu
434 660 458 676 se
476 654 633 681 complectitur
650 658 671 676 et
688 655 854 682 superexcedit.

159 694 180 716 2.
197 693 317 715 intellectio
328 693 417 720 divina,
435 699 487 715 cum
505 694 532 716 sit
544 693 679 721 substantia,
698 694 794 716 eandem
807 699 938 716 mensuram

96 732 174 761 habet,
187 738 256 760 quam
274 732 321 759 ipsa
335 731 411 753 divina
424 731 560 759 substantia,
573 732 633 754 unde
650 733 718 754 etiam
739 740 748 752 α
761 732 939 759 praesentialitas

96 771 187 793 divinae
204 771 351 798 cognitionis,
376 776 435 798 quae
452 770 546 798 quidem
572 771 691 792 aeternitas
711 772 758 797 est,
785 772 818 792 est
842 770 938 798 simplex

95 812 117 831 et
133 808 217 830 infinita
231 816 240 828 n
262 808 314 833 (liic
331 809 352 830 in
370 809 456 837 corp).
475 809 594 831 intellectio
607 812 683 830 autem
701 809 815 836 bumana,
834 812 939 837 quaeest

95 848 215 876 accidens,
233 850 378 870 mensuratur
395 850 511 875 tempore,
529 847 653 869 substantia
672 850 747 869 autem
772 849 861 870 animae
878 854 938 870 men-

95 889 186 909 suratur
202 892 267 909 aevo.

158 925 179 947 3.
196 925 244 947 Alia
261 927 295 947 est
311 926 450 952 praesentia,
468 932 512 953 qua
536 931 572 947 res
589 924 736 954 cciporales,
756 926 792 947 vel
814 926 836 947 in
853 932 938 953 genere

95 969 143 991 res,
162 970 220 992 quae
233 966 335 991 tempore
353 966 526 990 mensurantur,
543 963 586 985 sibi
599 964 734 991 coexistunt,
747 964 799 991 alia,
818 970 863 992 qua
875 964 938 986 Deus

94 1001 164 1024 rebus
181 1002 291 1029 coexistit,
310 1002 359 1029 alia,
372 1008 415 1030 qua
429 1008 466 1023 res
483 1001 622 1031 temporales
638 1005 660 1024 et
671 1002 811 1024 differentiae
828 1003 938 1029 temporis

94 1040 141 1062 Deo
159 1041 290 1063 coexistunt.
301 1041 376 1063 Utres
388 1041 517 1068 corporales
534 1040 576 1063 sibi
594 1042 638 1063 sint
651 1043 787 1068 praesentes,
800 1043 890 1069 praeter
907 1042 937 1063 in-

95 1079 223 1102 distantiam
242 1079 287 1102 loci
303 1080 438 1108 requiritur,
458 1082 482 1102 ut
502 1080 569 1102 simul
587 1080 631 1101 sint
648 1081 669 1101 in
687 1080 769 1102 eodem
781 1081 870 1102 instanti
883 1081 938 1102 tem-

94 1118 171 1147 pom's.
192 1119 257 1141 cuius
277 1125 383 1141 mensura
396 1118 503 1141 dilabitur
515 1125 556 1147 per
568 1122 644 1146 partes
663 1119 706 1141 sibi
724 1120 873 1142 suci-edentes
888 1121 937 1141 sive

95 1163 136 1185 per
153 1157 290 1179 differentias
306 1158 480 1185 praeteritorum
498 1160 520 1179 et.
536 1158 671 1185 futurorum,
684 1161 706 1179 et
718 1164 761 1180 non
774 1161 807 1180 est
819 1159 860 1179 nisi
873 1159 894 1179 in
907 1159 937 1179 iu-

94 1197 167 1218 stanti.
185 1196 249 1218 Unde
266 1197 287 1218 in
306 1197 347 1218 hac
365 1197 507 1219 coexistentia
525 1202 582 1225 pars
599 1196 725 1219 durationis
745 1196 888 1219 succedentis
904 1199 938 1218 est.

94 1237 155 1257 extra
176 1235 243 1257 aliam
266 1236 314 1257 eius
336 1237 439 1263 partem,
457 1239 479 1257 et
502 1235 588 1257 nullum
606 1235 697 1258 instans
719 1238 793 1263 potest
815 1236 938 1258 coexistere

95 1274 137 1295 nisi
148 1272 192 1295 uni
201 1273 247 1296 soli
256 1272 354 1295 instanti
365 1274 490 1295 durationis
502 1275 534 1295 rei
547 1274 695 1295 coexistentis.
706 1274 728 1295 Si
739 1280 845 1296 mensura
858 1275 937 1296 utrius-

95 1317 139 1340 que
157 1311 282 1334 durationis
304 1315 338 1334 est
360 1312 461 1340 aequalis
478 1315 500 1334 ct
516 1312 537 1333 in
556 1312 637 1333 eodeni
656 1312 715 1333 fluxu
740 1313 862 1339 temporis,
880 1315 934 1334 tune

95 1351 139 1372 tota
158 1350 247 1372 duratio
259 1351 326 1372 unius
344 1351 445 1372 coexistit
457 1351 495 1372 toti
505 1350 618 1372 durationi
631 1350 732 1378 alterius,
747 1350 785 1372 scd
799 1351 835 1379 ita,
848 1353 873 1372 ut
884 1357 938 1378 pars

95 1389 162 1410 unius
180 1388 305 1411 durationis
322 1391 408 1411 tantum
426 1389 483 1416 parti
501 1389 593 1411 alterius
610 1389 724 1411 coexistat.
743 1389 764 1410 Si
782 1392 858 1411 autem
877 1395 937 1411 men-

95 1433 147 1449 sura
165 1428 283 1455 utriusque
300 1430 334 1449 est
350 1427 452 1453 diversa,
466 1430 519 1449 tunc
531 1433 576 1449 non
588 1430 675 1449 tantum
696 1427 824 1450 secundum
839 1429 935 1456 partes,

95 1465 136 1488 sed
153 1466 220 1488 etiam
237 1471 267 1488 ew
281 1467 350 1494 parte
367 1465 410 1488 sibi
427 1467 567 1493 coexistunt,
591 1466 626 1487 vel
646 1466 773 1488 nullatenus
796 1467 937 1488 coexistunt:

95 1510 117 1526 v.
136 1510 157 1532 g.
180 1510 287 1532 mensura
308 1505 377 1526 liorae
394 1505 495 1527 coexistit
516 1504 611 1532 quidem
632 1510 755 1526 mensurae
777 1504 847 1532 anni,
872 1506 938 1527 cuius

95 1545 128 1565 est
145 1549 209 1571 pam,
227 1543 269 1565 sed
291 1545 365 1565 tamen
384 1549 425 1565 nec
442 1543 483 1565 toti
498 1549 575 1571 (111110,
596 1550 637 1565 nec
660 1544 718 1570 parti
741 1544 789 1565 eius
811 1545 937 1571 proportio-

96 1584 160 1603 natae
176 1581 303 1609 indivisim,
322 1581 363 1604 sed
380 1588 422 1609 per
439 1583 607 1604 successIonem
626 1583 732 1610 partium.

156 1620 224 1642 Aliter
240 1620 313 1642 Deum
330 1621 453 1642 coexistere
471 1620 578 1642 omnibus
595 1620 664 1642 rebus
681 1622 703 1642 et
720 1621 833 1642 mensuris
849 1624 938 1648 tempo-

95 1665 147 1681 rum
165 1662 187 1681 et
203 1659 322 1687 locorum,
345 1660 491 1681 manifestum
517 1662 556 1681 est.
583 1659 639 1681 Tota
665 1660 785 1681 aeternitas
801 1659 881 1682 existit
897 1666 938 1687 per

95 1698 191 1720 modum
208 1699 275 1720 unius
291 1697 437 1721 indivisibilis
448 1699 558 1726 instantis,
575 1699 623 1720 sine
639 1699 784 1720 successione
800 1704 938 1726 permanens

95 1738 117 1758 et
133 1742 213 1758 omnes
229 1737 386 1759 successiones
403 1739 425 1758 et
442 1742 562 1759 mensuras
578 1737 689 1764 temporis
705 1740 756 1759 actu
783 1737 937 1764 complectens

95 1777 117 1796 et
133 1775 251 1797 excedens.
269 1774 308 1798 Sic
325 1778 359 1797 est
375 1781 482 1797 mensura
500 1775 591 1797 divinae
608 1776 668 1797 vitae
684 1777 706 1797 et
717 1776 812 1797 actionis
823 1775 852 1797 ad
864 1776 936 1803 intra,

94 1812 127 1836 sic
144 1816 260 1835 mensurat
278 1814 346 1835 etiam
363 1820 443 1836 omnes
461 1813 489 1836 ad
501 1816 561 1836 extra
574 1817 702 1836 creatarum
713 1820 790 1836 rerum
803 1820 922 1836 mensuras
931 1832 936 1842 ,

95 1852 157 1874 unde
168 1853 190 1874 in
202 1852 284 1874 eodeni
297 1852 466 1880 simplicissimo
478 1855 500 1874 et
511 1854 624 1875 immenso
641 1858 704 1876 nunc
716 1854 852 1875 aeternitatis
863 1852 938 1876 coemi-

95 1890 135 1913 stz't
158 1891 266 1913 omnibus
291 1891 370 1919 rebus,
389 1897 433 1913 non
451 1894 538 1914 tantum
563 1892 590 1913 iis
612 1898 672 1920 quae
689 1892 711 1913 in
729 1898 836 1913 mensura
854 1893 937 1920 tempo-

96 1929 129 1952 ris
146 1932 199 1951 sunt
214 1933 345 1958 praesentes
364 1931 482 1957 temporali
499 1936 563 1953 nunc
580 1931 615 1952 vei
634 1930 725 1952 cuidam
738 1930 806 1959 parti
820 1931 938 1952 aeternita-

96 1968 135 1996 115,
154 1974 224 1996 quam
242 1974 283 1990 nos
306 1968 483 1997 imaqinamur,
509 1968 550 1990 sed
572 1969 640 1990 etiam
665 1969 692 1990 iis
716 1975 775 1996 quae
793 1969 814 1990 in
831 1974 939 1991 mensura

95 2007 205 2034 temporis
222 2009 244 2028 et
260 2007 303 2029 loci
320 2007 349 2029 ab
367 2007 466 2029 invicem
479 2007 561 2029 distant
573 2006 701 2029 secundum
713 2006 863 2028 differentiam
875 2013 938 2034 prae-

96 2046 216 2067 teritorum
233 2048 255 2067 et
271 2045 408 2067 futurorum.
427 2045 539 2067 immensa
557 2048 579 2067 et
604 2045 702 2067 indivisa
727 2046 846 2067 aeternitas
870 2045 938 2067 finitis

95 2082 165 2105 rebus
182 2084 283 2105 coexistit
300 2083 393 2111 quidem
412 2084 459 2105 tota
476 2086 570 2110 propter
586 2082 759 2111 indivisionem,
773 2083 814 2105 sed
827 2084 939 2105 1101110111-

97 2120 148 2143 liter
165 2124 259 2149 propter
275 2127 413 2149 ewccssnm,
433 2122 485 2149 quia
504 2123 571 2143 etiam
590 2122 638 2144 aliis
664 2128 766 2150 unquam
791 2121 939 2144 existentibus

96 2159 166 2182 rebus
182 2160 204 2181 in
221 2161 277 2183 actu
294 2160 405 2187 coexistit,
423 2163 445 2182 et
462 2160 510 2182 aliis
528 2160 676 2187 possibilibus
693 2161 715 2182 in
732 2159 840 2189 potentia.

158 2198 226 2220 Aliter
242 2198 339 2227 denique
357 2199 418 2226 ipsas
430 2204 467 2221 res
484 2199 576 2221 creatas
593 2201 615 2220 ct
631 2204 711 2220 carum
729 2204 862 2220 mensuram
875 2198 938 2226 (tcm-

96 2239 149 2265 pus)
167 2238 291 2259 aeternitati
308 2238 437 2264 coexistere,
449 2238 572 2259 tenendum
585 2241 624 2260 est.
636 2238 777 2259 Manifestum
789 2241 832 2265 est,
845 2237 939 2259 easdem

96 2282 138 2303 pro
156 2282 263 2298 mensura
281 2277 401 2304 temporis,
420 2277 441 2298 111
460 2283 505 2305 qua
524 2279 587 2304 sunt,
605 2279 627 2298 ct
643 2282 685 2304 pro
703 2283 730 2298 eo
748 2278 819 2303 statu,
845 2277 867 2298 in
893 2282 938 2304 quo

96 2320 176 2337 eorum
195 2315 283 2337 duratio
300 2316 321 2336 111
340 2316 401 2337 0111111
420 2316 509 2337 instanti
527 2322 539 2336 a
557 2315 682 2337 differentia
700 2316 769 2337 futuri
787 2315 835 2337 fluit
852 2315 881 2336 ad
898 2314 939 2336 dis-

96 2353 214 2375 t‘erentiam
231 2354 358 2381 praeteriti,
376 2354 469 2375 minime
486 2353 625 2381 respondere
644 2354 682 2374 toti
699 2354 835 2381 aeternitati,
849 2359 888 2375 nec
901 2359 939 2375 eas

98 2392 181 2413 virtute
198 2397 255 2414 suae
272 2391 405 2414 dio-ationis
421 2398 488 2419 posse
507 2393 629 2414 coexistere
646 2392 720 2414 eidem
738 2393 868 2414 aeternitati.
894 2392 939 2413 Sed

98 2434 210 2458 quatenus
228 2431 284 2452 haec
301 2431 361 2452 tinita
379 2436 485 2452 mensura
504 2432 614 2460 temporis
632 2431 825 2458 circumplectitur
840 2433 862 2452 ct
873 2432 938 2459 quasi

97 2469 220 2491 includitur
236 2470 258 2490 in
276 2469 354 2491 altiore
372 2472 393 2491 et
410 2470 587 2497 supereminenti
610 2476 716 2491 mensura
735 2470 884 2497 aeternitatis,
909 2470 938 2491 ad

97 2513 167 2535 quam
184 2510 256 2529 totum
275 2511 365 2534 tempus
382 2513 427 2529 non
445 2510 476 2529 est
495 2508 536 2529 11151
554 2508 675 2529 minimum
688 2509 782 2535 instans,
801 2507 844 2529 dici
857 2510 937 2535 potest,

98 2546 161 2574 quod
178 2547 244 2567 etiam
263 2552 299 2568 res
315 2546 452 2573 temporales
469 2547 592 2568 coexistant
609 2546 651 2568 toti
668 2546 812 2570 aeternitati.
834 2552 878 2568 non
898 2553 938 2568 au-

98 2588 143 2606 tem
161 2584 269 2606 totaliter.
288 2584 332 2606 Sed
351 2581 376 2605 τὸ
393 2590 441 2607 non
458 2584 573 2612 totaliter,
594 2585 679 2607 dictum
697 2585 725 2607 de
743 2586 887 2607 coexistentia
905 2591 939 2607 re·

98 2629 153 2645 rztm.
170 2622 348 2652 temporalium,
368 2624 434 2645 aliam
452 2624 562 2645 rationem
580 2623 658 2651 habet,
677 2630 703 2645 ac
721 2623 806 2645 dictum
823 2624 851 2645 de
868 2624 938 2645 coexi-

98 2663 175 2683 stentia
193 2661 242 2684 Dei.
259 2662 305 2683 Dco
323 2663 383 2683 enim
401 2663 506 2683 convenit
524 2662 559 2684 illa
577 2661 727 2684 coemtstentta
746 2668 787 2689 pei·
812 2668 848 2689 se,
874 2665 895 2683 et
912 2659 938 2682 τὸ

97 2706 145 2723 rnon
163 2700 264 2722 totaliter
280 2701 366 2722 ratione.
383 2706 493 2723 ειη-(135113
509 2707 564 2722 suae
582 2707 708 2723 mensurae.
721 2700 843 2723 Creaturae
855 2704 938 2728 autem,

99 2745 151 2760 cum
170 2745 214 2760 non
232 2740 276 2760 siut
292 2741 396 2761 aeternae
414 2745 455 2761 nec
472 2739 518 2760 Dco
537 2741 676 2766 coaeternae,
694 2740 753 2761 illam
772 2740 939 2761 coexistentiam

99 2783 143 2799 nou
161 2777 245 2799 liabent
261 2783 292 2799 esc
308 2783 332 2799 se
348 2780 370 2799 et
386 2778 472 2799 ratione
489 2783 544 2799 suae
567 2777 703 2806 durationis,
729 2778 769 2800 sed
795 2779 880 2800 ratione
898 2778 939 2799 im-

99 2817 223 2838 mensitatis
240 2819 261 2838 et
278 2816 427 2843 simplicitatis
443 2815 588 2838 aeternitatis
605 2816 712 2844 dit-inae,
732 2820 752 2838 et
770 2814 796 2837 τὸ
818 2822 866 2839 non
883 2817 939 2839 lota<

240 2941 262 2964 S.
280 2942 367 2965 Bonae.
385 2954 416 2958 —-
434 2943 498 2964 Tom.
516 2943 530 2964 1,

1778 157 1834 184 697

996 230 1049 253 liter
1065 232 1173 258 competit
1189 232 1222 253 eis
1239 234 1334 259 propter
1350 231 1471 260 defectum,
1491 232 1538 254 scil.
1560 235 1653 260 propter
1669 232 1758 262 finitam
1780 239 1835 255 suae

995 269 1120 292 durationis
1137 275 1276 292 mensuram.

1058 307 1082 328 11.
1099 307 1159 329 Licet
1177 308 1198 329 S.
1216 308 1301 330 Bonav.
1319 314 1331 329 a
1357 309 1462 335 plurimis
1486 308 1618 330 auctoribus
1648 309 1677 331 ad
1702 310 1835 331 sententiam

995 345 1055 367 Scoti
1077 346 1189 373 trahatur,
1215 347 1348 372 praesertim
1367 346 1396 367 ob
1414 346 1549 368 solutionem
1568 346 1631 368 dubii
1648 346 1669 368 5.
1688 347 1835 369 distinctionis

995 383 1032 405 35.
1064 385 1143 412 (quam
1168 386 1256 411 partem
1282 385 1349 406 etiam
1375 385 1471 407 Bartliol.
1495 385 1523 407 de
1544 385 1663 413 Barberiis,
1686 385 1749 408 Curs.
1768 386 1834 408 theol.

995 424 1049 444 tom.
1069 423 1082 444 l.
1101 423 1159 450 disp.
1177 423 1198 444 5.
1216 429 1237 451 q.
1255 423 1277 445 7.
1295 423 1412 445 mordicus
1429 424 1514 451 tenet);
1532 425 1607 445 tamen
1629 424 1677 451 ipsa
1702 424 1772 446 verba
1799 424 1835 446 Se-

995 462 1081 489 rapnici
1107 462 1153 489 <liic
1169 465 1191 484 et
1208 462 1263 483 infra
1281 462 1303 483 d.
1322 461 1358 484 40.
1376 468 1395 484 a.
1414 463 1434 484 2.
1453 468 1474 490 q.
1496 463 1514 483 l.
1532 462 1560 484 ad
1579 462 1604 489 4,
1627 466 1648 485 et
1673 463 1694 484 d.
1714 462 1749 484 4l.
1768 470 1787 485 a.
1814 464 1834 485 2.

995 506 1017 528 q.
1039 501 1056 521 1.
1074 500 1103 521 ad
1121 499 1146 527 43
1165 501 1237 522 ltiner.
1255 501 1336 523 mentis
1353 501 1374 522 in
1392 501 1476 528 Deum,
1489 507 1507 523 c.
1521 501 1541 522 5.
1560 502 1617 523 circa
1636 501 1714 529 finem)
1726 503 1779 523 satis
1796 502 1836 524 de-

996 541 1131 566 monstrant,
1149 539 1215 566 plene
1232 545 1285 560 eum
1303 540 1426 561 convenire
1444 545 1496 561 cum
1522 540 1622 567 Angelici
1648 542 1763 569 sententia,
1781 547 1835 563 sane

995 578 1112 599 intellecta.
1132 578 1153 599 ln
1171 578 1285 599 itinerario
1302 578 1330 600 ita
1350 578 1417 600 dicit:
1439 586 1448 597 a
1461 578 1518 606 Quia
1540 581 1657 600 aeternum
1683 583 1703 601 et
1729 586 1836 607 praesen—

995 617 1120 644 tissimum,
1138 616 1190 638 ideo
1207 622 1288 638 omnes
1305 616 1435 638 durationes
1451 615 1524 639 ambit
1544 619 1566 639 et
1582 617 1668 645 intrat,
1681 619 1745 646 quasi
1768 619 1835 640 simul

995 655 1092 676 existens
1108 660 1188 676 earum
1206 657 1309 676 centrum
1327 657 1349 676 et
1365 655 1553 677 circumferentia.
1572 655 1628 683 Quia
1640 656 1835 683 simplicissimum

995 696 1017 715 et
1033 694 1171 721 maximum,
1183 693 1235 715 ideo
1247 695 1318 716 totum
1336 694 1393 715 intra
1411 695 1486 715 omnia
1504 696 1526 716 et
1542 697 1615 716 totum
1632 697 1691 716 extra
1710 696 1797 723 omnia,
1810 702 1836 717 ac

995 737 1037 758 per
1054 731 1097 753 hoc
1114 733 1148 753 est
1163 732 1259 759 sphaera
1278 731 1436 759 intelligibilis,
1454 733 1520 754 cuius
1537 734 1641 754 centrum
1658 735 1692 755 est
1708 732 1794 762 ubique
1814 736 1836 755 et

995 770 1176 791 circumferentia
1194 776 1341 798 nusquam».
1359 770 1415 791 Nihil
1434 773 1508 792 autem
1527 770 1591 792 dubii
1608 771 1715 799 relinquit
1726 772 1835 799 expositio

995 808 1063 830 huius
1081 808 1204 835 doctrinae,
1223 814 1292 836 quam
1311 809 1332 830 S.
1350 809 1434 830 Ductor
1450 809 1502 831 facit
1519 810 1540 830 in
1558 809 1639 831 inedita
1657 809 1757 837 quadam
1769 816 1836 838 quae-

995 847 1066 868 stione
1084 846 1209 874 disputata,
1228 854 1239 868 a
1257 847 1323 869 nobis
1340 853 1381 869 suo
1399 850 1501 875 tempore
1520 847 1668 875 publicanda,
1686 854 1712 869 ex
1731 855 1774 876 qua
1792 851 1836 870 tan-

994 888 1043 907 tum
1061 892 1129 907 uuam
1148 886 1329 913 propositionem
1347 885 1531 908 transcribimus:
1561 895 1570 906 α
1584 887 1646 908 Sicut
1670 887 1746 908 divina
1772 888 1836 909 incir-

994 924 1204 952 cumscriptibilitas
1221 924 1287 947 habet
1306 926 1381 947 omnia
1400 925 1447 946 loca
1466 924 1508 947 sibi
1526 926 1665 953 praesentia,
1687 929 1709 947 ct
1725 926 1772 953 ipsa
1791 932 1835 947 non

994 963 1130 985 distenditur
1147 970 1187 991 per
1205 964 1252 986 illa.
1271 964 1321 986 licet
1338 964 1377 985 illa
1395 970 1449 986 vere
1466 965 1510 986 sint
1526 964 1636 992 distensa,
1654 965 1686 987 sic
1703 965 1779 986 divina
1803 971 1837 987 ae-

994 1003 1087 1024 ternitas
1104 1002 1172 1024 nabet
1188 1003 1231 1025 sibi
1249 1004 1323 1024 omnia
1343 1007 1445 1031 tempora
1464 1004 1603 1030 praesentia,
1622 1010 1663 1025 nec
1688 1007 1762 1027 tanton
1788 1005 1835 1031 ipsa

994 1041 1095 1063 succedit
1117 1047 1170 1063 cum
1195 1042 1249 1069 illis,
1274 1042 1324 1063 licet
1349 1042 1384 1064 illa
1411 1048 1465 1064 vere
1490 1042 1646 1064 succedant».
1669 1055 1699 1058 —
1725 1043 1836 1065 Plurimae

994 1079 1144 1107 obtortiones,
1162 1087 1221 1108 quae
1239 1083 1315 1102 contra
1334 1081 1391 1102 hauc
1416 1081 1549 1102 sententiani
1576 1081 1622 1102 lieri
1645 1081 1728 1109 solent,
1751 1082 1836 1109 optime

994 1120 1051 1141 inter
1068 1119 1174 1147 antiquos
1191 1120 1313 1147 magistros
1330 1120 1395 1141 solvit
1413 1119 1554 1147 Richardus,
1574 1120 1608 1141 hit·
1626 1126 1645 1141 a.
1673 1120 1689 1141 1.
1716 1127 1737 1148 q.
1768 1121 1789 1147 1,
1815 1123 1837 1142 et

994 1158 1016 1179 d.
1036 1157 1071 1179 ltl.
1089 1165 1108 1179 a.
1127 1158 1147 1180 4.
1166 1165 1187 1186 q.
1206 1159 1234 1185 23
1253 1159 1292 1187 qui
1310 1162 1384 1180 tamen
1402 1159 1537 1181 sententiam
1556 1159 1614 1181 Seoti
1628 1165 1670 1180 non
1684 1160 1777 1180 ommno
1794 1160 1837 1180 im—

994 1197 1138 1224 probabilem
1156 1200 1238 1219 censet.
1256 1197 1320 1219 Circa
1337 1198 1456 1226 utriusque
1474 1198 1591 1225 positionis
1614 1198 1759 1220 fundamenta
1786 1204 1836 1225 pos-

994 1239 1046 1258 sunt
1058 1236 1154 1257 conferri
1172 1236 1242 1263 Rada,
1260 1239 1330 1258 contr.
1349 1236 1385 1258 30.
1404 1243 1422 1258 a.
1442 1237 1465 1264 2,
1484 1236 1582 1263 Min-edo,
1601 1237 1650 1258 coll.
1673 1237 1693 1258 9.
1712 1236 1757 1258 diti.
1777 1237 1796 1258 4.
1815 1241 1836 1259 et

994 1274 1029 1295 alii
1048 1275 1166 1303 utriusque
1184 1276 1306 1296 sententiae
1323 1276 1419 1303 patroni.

1058 1313 1088 1335 lll.
1106 1312 1194 1341 Verba,
1213 1312 1297 1341 quibus
1314 1313 1336 1334 S.
1355 1313 1437 1335 Doctor
1454 1314 1475 1335 in
1493 1314 1605 1341 principio
1623 1315 1777 1341 responsionis
1797 1315 1836 1337 du-

995 1352 1077 1379 plicem
1095 1358 1188 1374 sensum
1206 1352 1325 1373 locutionis
1338 1353 1477 1381 praesenter
1494 1358 1633 1381 coqnoscere
1653 1353 1782 1381 distinguit,
1800 1354 1836 1375 ali-

994 1397 1039 1419 qua
1057 1391 1205 1418 explicatione
1223 1390 1326 1418 indigere
1344 1390 1458 1412 videntur.
1476 1391 1498 1412 Si
1514 1392 1651 1420 praesenter
1662 1394 1687 1413 ut
1698 1392 1835 1414 adverbmm

995 1429 1131 1451 determinat
1147 1420 1224 1457 ipsum
1242 1429 1346 1451 dix-inum
1364 1430 1443 1452 action.
1466 1429 1564 1457 sciendi,
1588 1436 1668 1452 omnes
1692 1431 1835 1459 concedunt,

995 1468 1093 1490 eundem
1112 1474 1161 1489 esse
1178 1471 1238 1490 extra
1257 1474 1349 1489 omnem
1366 1474 1497 1490 mensuram
1510 1470 1620 1496 temporis
1631 1470 1653 1490 111
1666 1470 1835 1497 simplicissimo

995 1512 1055 1528 nunc
1073 1507 1216 1534 aeternitatis,
1227 1507 1255 1528 ita
1269 1509 1293 1528 ut
1307 1512 1348 1528 nec
1355 1506 1512 1535 praeteritum
1524 1513 1566 1529 nec
1582 1506 1693 1536 futurum
1714 1514 1755 1530 nec
1768 1514 1836 1537 prde-

994 1551 1047 1567 sens
1068 1545 1179 1574 ientporis
1196 1546 1216 1567 ei
1234 1546 1357 1567 convenire
1375 1546 1469 1572 possint.
1488 1546 1510 1567 Si
1536 1548 1612 1567 autem
1631 1547 1770 1575 praesenter
1792 1549 1836 1569 tra-

994 1585 1055 1606 hitur
1071 1584 1100 1606 ad
1118 1583 1210 1612 omnia,
1230 1586 1282 1606 tunc
1300 1585 1382 1606 iterum
1400 1584 1483 1611 duplex
1508 1590 1589 1606 sensus
1613 1584 1722 1613 distingui
1748 1588 1835 1613 potest:

994 1623 1030 1645 vel
1047 1626 1072 1645 ut
1089 1626 1178 1645 notetur
1198 1631 1208 1642 α
1220 1622 1409 1652 praesentialitas
1426 1622 1574 1652 cognitorum
1589 1631 1608 1651 »,
1626 1626 1650 1645 ut
1666 1626 1699 1646 est
1719 1632 1729 1643 (ε
1742 1624 1836 1652 ὀίερο5κ

994 1662 1024 1683 110
1041 1662 1073 1683 rei
1091 1662 1195 1689 cognitae
1212 1662 1234 1683 in
1252 1667 1292 1683 sua
1310 1664 1410 1683 natura»
1427 1661 1471 1687 (liic
1488 1661 1517 1683 ad
1536 1662 1555 1683 1.
1574 1663 1616 1689 2.),
1633 1663 1703 1690 'quasi
1727 1669 1763 1684 res
1779 1663 1836 1685 futu-

994 1706 1032 1722 rae
1049 1701 1070 1721 in
1089 1706 1196 1721 mensura
1214 1700 1323 1727 temporis
1340 1705 1384 1721 non
1402 1700 1459 1721 inter
1475 1706 1499 1722 se
1518 1700 1606 1721 realiter
1624 1700 1717 1729 distent,
1737 1701 1777 1722 sed
1794 1702 1835 1723 sint

994 1739 1060 1760 simul
1078 1742 1100 1760 et
1116 1740 1254 1765 praesentes.
1273 1737 1336 1766 quod
1352 1738 1469 1760 manifeste
1486 1740 1520 1760 est
1536 1738 1618 1760 falsum
1634 1750 1666 1754 —
1682 1739 1718 1760 vel
1736 1740 1784 1767 ipsa
1801 1745 1836 1761 co-

994 1778 1055 1805 gnita
1072 1777 1200 1804 comparari
1217 1778 1312 1804 possunt
1329 1782 1374 1798 non
1391 1776 1420 1798 ad
1438 1782 1497 1798 nunc
1513 1776 1653 1805 temporale,
1667 1777 1708 1799 sed
1725 1777 1754 1799 ad
1770 1783 1836 1806 prae-

993 1814 1157 1837 semianimem
1181 1814 1338 1842 aeternitatis,
1363 1821 1421 1843 quac
1446 1815 1513 1837 simul
1538 1818 1571 1837 est
1601 1816 1778 1842 praesentialitas
1805 1816 1836 1837 di-

994 1854 1061 1875 vinae
1078 1854 1228 1881 cognitionis;
1245 1856 1267 1875 et
1284 1854 1301 1875 si
1319 1854 1341 1874 in
1359 1854 1402 1875 hoe
1419 1859 1487 1875 sensu
1503 1854 1614 1881 sumitur,
1634 1853 1736 1876 subsistit
1752 1854 1835 1881 duplex

994 1892 1030 1913 illa
1048 1892 1125 1920 opinio
1143 1892 1281 1914 scholarum.
1299 1892 1328 1913 lta
1347 1892 1393 1913 fere
1411 1891 1523 1919 itit-hard„
1542 1891 1562 1913 d.
1582 1891 1618 1913 41.
1636 1898 1655 1913 a.
1674 1891 1694 1913 4.
1712 1898 1733 1920 q.
1752 1893 1772 1914 ⁶2.

1057 1930 1092 1951 iv.
1111 1929 1192 1957 Quoad
1209 1928 1337 1952 seminatam
1358 1930 1527 1957 quaestionem,
1551 1932 1627 1951 utrum
1650 1930 1706 1952 haec
1728 1936 1836 1957 praesen-

994 1969 1075 1990 tialitas
1092 1969 1138 1990 Deo
1155 1969 1183 1990 sit
1199 1969 1256 1990 ratio
1273 1968 1425 1995 cognoscendi
1438 1968 1512 1990 sutura
1524 1969 1690 1996 contingentia,
1704 1975 1747 1990 non
1761 1969 1835 1991 defue-

995 2009 1059 2034 runt,
1077 2010 1101 2029 ut
1118 2013 1187 2034 supra
1205 2008 1226 2028 in
1245 2007 1334 2028 scholio
1353 2006 1399 2034 (liic
1416 2013 1437 2034 q.
1465 2007 1491 2028 1.1
1518 2008 1659 2035 notavimus,
1686 2009 1725 2036 qui
1748 2008 1834 2030 nodum

995 2045 1166 2073 difficultatum,
1186 2051 1244 2073 quae
1262 2047 1314 2067 sunt
1331 2046 1389 2067 circa
1407 2046 1579 2072 praescientiam
1598 2045 1711 2073 divinam,
1735 2047 1763 2069 ita
1776 2047 1832 2069 solvi

995 2090 1063 2112 posse
1080 2087 1198 2112 putarent,
1216 2085 1273 2106 inter
1291 2090 1349 2112 quos
1374 2087 1523 2106 numerantur
1546 2085 1613 2106 etiam
1638 2085 1833 2108 Salmanticenses.

994 2123 1045 2150 lpse
1062 2123 1083 2144 S.
1103 2123 1184 2144 Tliom.
1203 2123 1294 2149 saepius
1324 2123 1390 2144 istam
1416 2123 1526 2144 rationem
1551 2123 1648 2151 profert,
1667 2130 1736 2152 quarn
1754 2125 1834 2147 Scotus

996 2162 1041 2187 (hic
1053 2168 1074 2190 q.
1088 2162 1160 2188 unica,
1179 2167 1200 2183 n.
1218 2162 1248 2189 9.)
1266 2162 1342 2183 nititur
1359 2164 1468 2183 evertere.
1486 2161 1637 2184 Communius
1653 2166 1729 2184 autem
1742 2163 1763 2184 S.
1777 2163 1834 2185 Tho-

995 2206 1046 2222 mae
1063 2201 1171 2221 sententia
1189 2200 1252 2221 aliter
1268 2200 1404 2227 explicatur,
1423 2206 1506 2227 nempe
1523 2200 1586 2228 quod
1608 2201 1657 2228 ipse
1683 2202 1747 2223 istam
1770 2203 1834 2224 ratio-

996 2245 1047 2260 nem
1066 2245 1110 2260 non
1123 2244 1137 2260 a
1148 2238 1225 2267 priori
1236 2241 1344 2266 tanquam
1361 2239 1454 2260 unicum
1472 2241 1494 2260 et
1505 2240 1625 2267 proprium
1637 2239 1738 2262 medium
1752 2239 1776 2262 in
1788 2246 1833 2269 quo

995 2279 1093 2299 statuere
1110 2277 1174 2304 velit,
1193 2277 1234 2298 sed
1259 2277 1321 2304 quod
1346 2277 1422 2304 potius
1447 2283 1461 2299 a
1485 2277 1621 2306 posteriori,
1645 2279 1762 2305 supposita
1788 2279 1833 2300 iam

995 2316 1155 2343 praescientia,
1173 2315 1225 2337 inde
1242 2318 1317 2337 sumat
1333 2316 1419 2343 optima
1436 2318 1582 2343 argumenta,
1609 2319 1632 2338 ut
1649 2316 1788 2338 manuducat
1804 2317 1833 2338 ad

995 2354 1179 2382 intelligendum,
1198 2354 1371 2381 praescientiam
1388 2354 1427 2375 Dei
1446 2360 1495 2376 esse
1512 2353 1656 2377 intuitiram.
1675 2354 1830 2384 infallibilem,

995 2391 1177 2420 immutabilem,
1197 2398 1238 2414 nec
1255 2393 1328 2419 ipsam
1346 2392 1514 2421 continqentiae
1535 2399 1615 2415 reruni
1641 2392 1761 2423 cleroqure.
1786 2394 1833 2416 Hoc

995 2431 1052 2453 inter
1069 2431 1110 2452 alia
1129 2432 1242 2452 insinuant
1258 2432 1330 2458 ipsius
1348 2431 1417 2453 verba
1439 2431 1470 2458 (S.
1488 2437 1506 2453 c.
1519 2432 1582 2452 (ient.
1596 2431 1609 2453 1,
1623 2437 1640 2452 c.
1654 2431 1690 2453 67.
1703 2432 1724 2453 111
1736 2432 1832 2459 princ.):

999 2478 1009 2489 (ε
1020 2470 1051 2491 Ex
1069 2471 1103 2491 his
1121 2473 1196 2491 autem
1215 2470 1259 2491 iam
1277 2469 1414 2498 aliqualiter
1432 2473 1508 2497 patere
1526 2473 1612 2497 potest,
1630 2470 1693 2498 quod
1706 2471 1835 2498 contingen-

996 2510 1051 2530 tium
1069 2508 1097 2529 ab
1115 2510 1206 2529 aeterno
1223 2508 1283 2529 Deus
1299 2507 1437 2529 infallibilem
1455 2509 1571 2530 scientiam
1589 2508 1679 2535 habuit,
1702 2514 1743 2530 nec
1759 2512 1833 2531 tamen

996 2548 1146 2574 contingentia
1164 2553 1213 2568 esse
1231 2547 1374 2568 desistunt».
1391 2559 1422 2562 —
1439 2547 1464 2569 Et
1480 2553 1571 2573 revera,
1589 2548 1606 2568 si
1619 2548 1709 2569 scientia
1730 2548 1768 2569 Dei
1788 2554 1832 2569 non

995 2587 1040 2611 est,
1059 2588 1083 2606 111
1100 2587 1187 2607 nostra.
1205 2590 1220 2606 st
1237 2584 1318 2611 rebus,
1336 2584 1377 2606 sed
1394 2586 1469 2612 potius
1490 2584 1522 2607 ad
1538 2591 1591 2612 res,
1618 2586 1659 2607 ista
1683 2586 1833 2613 praesentiali-

996 2625 1029 2645 tas
1045 2629 1135 2650 rerum,
1153 2623 1231 2644 saltem
1248 2622 1312 2650 sola,
1333 2629 1376 2645 non
1394 2626 1467 2650 potest
1483 2629 1532 2645 esse
1549 2623 1648 2652 propria
1663 2623 1724 2646 ratio
1743 2624 1833 2646 divinae

995 2662 1163 2689 praescientiae.

1058 2700 1084 2721 V.
1104 2700 1193 2722 Praeter
1209 2700 1254 2721 iam
1272 2701 1350 2722 citatos
1367 2704 1482 2722 auctores:
1500 2702 1560 2723 Alex.
1578 2702 1638 2729 Hal.,
1656 2702 1678 2723 S.
1695 2708 1717 2729 p.
1733 2702 1747 2723 i.
1760 2708 1781 2730 q.
1795 2702 1832 2723 23.

996 2745 1026 2760 m.
1046 2738 1065 2760 t.
1083 2745 1102 2760 11,
1121 2739 1141 2760 3.
1160 2750 1190 2754 —
1206 2739 1229 2760 B.
1247 2739 1344 2766 Alhcrt.,
1363 2739 1384 2761 S.
1403 2745 1424 2766 p.
1443 2740 1456 2761 l.
1475 2743 1500 2761 tr.
1524 2740 1556 2761 15.
1574 2747 1596 2768 q.
1614 2740 1649 2762 60.
1667 2746 1697 2761 m.
1716 2740 1736 2762 4.
1753 2741 1830 2768 partic.

997 2777 1016 2798 3.
1034 2789 1065 2792 —
1082 2777 1138 2798 Petr.
1157 2783 1168 2798 a
1187 2777 1253 2804 Tait,
1272 2778 1285 2798 1.
1304 2777 1364 2799 sent.
1382 2777 1404 2799 d.
1423 2777 1458 2799 41.
1477 2784 1498 2806 q.
1517 2777 1538 2799 4.
1556 2784 1575 2800 a.
1594 2779 1613 2799 2.
1631 2790 1661 2793 —
1686 2778 1798 2807 Duranct„
1817 2779 1830 2800 l.

996 2816 1056 2837 Sent.
1075 2816 1096 2837 d.
1115 2816 1150 2837 38.
1169 2822 1190 2843 q.
1209 2816 1229 2837 3.
1248 2822 1268 2837 11.
1291 2817 1322 2837 11.
1340 2822 1404 2844 seqq.

1661 2946 1689 2967 88
