2215 3404
199 1533 307 1552 Ditl'ereutia

216 1557 289 1581 triplex.

318 226 373 254 538

1002 221 1254 250 SENTENTIARUM
1276 221 1335 249 LIB.
1359 222 1375 249 Ι.

893 359 992 388 DUBIA
1013 360 1106 388 (111-1611
1128 359 1293 388 LITTERAM
1315 358 1476 386 MAGISTRI.

683 492 750 519 Dua.
772 492 789 519 1.

394 588 421 615 111
444 589 521 624 parte
543 586 594 615 ista
615 589 680 615 sunt
695 585 882 614 dubitationes
902 586 976 615 cirea
997 586 1117 614 litteram
1133 588 1160 614 et

315 634 406 671 primo
437 633 583 662 dubitatur
615 632 650 661 de
670 632 730 661 sitit
758 632 843 661 huius
871 632 973 669 partis,
1001 632 1066 669 quia
1094 639 1158 660 cum

315 688 401 717 supra
422 679 596 708 distinctione
625 678 733 707 decima.
754 686 826 706 nona
839 678 846 691 ¹
876 680 969 707 actum
991 680 1033 706 est
1063 677 1098 706 de
1118 685 1161 706 ae-

315 727 461 764 qualitate,
483 726 594 754 videtur
616 725 660 754 1110
681 725 809 761 Magister
830 724 974 762 superflue
994 728 1129 761 repetere.

394 774 569 802 RESPONnsso:
592 772 762 806 Dicendum,
783 771 858 808 quod
886 771 921 800 de
946 771 1112 808 aequalitate
1133 773 1161 799 et

316 821 499 850 similitudine
513 823 554 849 est
575 819 650 856 loqui
666 819 831 856 dupliciter,
852 818 986 847 sciliceta
1007 821 1087 855 parte
1101 818 1159 851 rei,

316 868 361 897 vel
382 876 398 896 a
419 871 498 905 parte
518 867 655 895 nominis.
678 866 709 894 Et
730 866 821 903 primo
842 866 925 894 modo
945 866 1038 902 agitur
1063 865 1098 894 de
1119 873 1161 894 ae-

316 915 449 952 qualitate
470 918 497 942 et
518 913 699 943 similitudine
721 913 747 941 in
770 912 1013 949 praecedentibus,
1038 912 1161 940 secundo

317 962 400 991 modo
421 962 474 990 hic.

679 1052 746 1080 Dnss.
768 1051 798 1079 ΙΙ.

397 1148 463 1176 Item
485 1149 631 1183 quaeritur
657 1145 691 1173 de
712 1145 764 1173 hoc
789 1144 864 1181 quod
886 1144 967 1178 dicit,
992 1144 1068 1180 quod
1088 1143 1164 1172 nillil

317 1199 359 1223 est
378 1194 436 1222 sibi
461 1193 564 1221 simile.
586 1192 702 1221 Videtur
730 1191 803 1219 enim
826 1190 943 1224 falsum,
972 1190 1038 1227 quia
1061 1190 1162 1227 aliquis

318 1241 411 1270 differt
431 1248 447 1268 a
468 1247 510 1273 se,
533 1239 604 1267 sieut
625 1238 751 1267 Socrates
772 1244 858 1266 senex
887 1245 902 1265 a
923 1244 952 1265 se
974 1244 1073 1273 puero:
1096 1244 1163 1273 ergo

317 1287 379 1325 pari
401 1287 506 1315 ratione
527 1285 631 1322 aliquid
655 1287 744 1321 potest
765 1292 825 1312 esse
841 1283 930 1312 simile
952 1283 1012 1312 sibi.
1027 1301 1066 1303 —
1079 1284 1162 1318 ltem,

318 1334 445 1363 Christus
460 1333 544 1361 homo
565 1336 606 1360 est
621 1331 672 1360 sibi
686 1331 695 1344 ²
717 1330 828 1364 similis,
849 1330 915 1367 quia
930 1330 1025 1359 nullus
1047 1333 1088 1359 est
1102 1330 1164 1359 bea-

319 1385 373 1415 tus,
389 1380 439 1408 nisi
455 1380 490 1408 sit
511 1379 567 1407 Deo
582 1377 765 1411 assimilatus3
780 1377 829 1406 sed
844 1377 972 1406 Christus
983 1379 1025 1405 est
1040 1377 1163 1405 maxime

318 1427 375 1455 Deo
395 1426 576 1455 assimilatus:
599 1432 665 1461 ergo
686 1427 736 1453 etc.

398 1474 570 1502 Rnsromnzo:
596 1472 766 1504 Dicendum,
791 1471 881 1507 quod,
904 1471 976 1500 sieut
1000 1469 1164 1508 differentia

320 1520 470 1557 aliquando
491 1522 567 1547 notat
591 1518 730 1546 alietatem
751 1517 895 1554 suppositi
914 1525 930 1545 a
951 1517 1111 1553 supposito,
1133 1520 1165 1545 ut

319 1575 382 1596 cum
399 1566 512 1595 dicitur:
528 1566 626 1594 Petrus
640 1568 681 1593 est
695 1564 767 1592 alius
781 1572 797 1592 a
818 1564 915 1598 Paulo,
937 1564 1088 1601 aliquando
1102 1563 1165 1592 alie-

1216 493 1299 519 tatem
1316 490 1343 518 111
1363 493 1489 523 natura,
1505 493 1535 518 ut
1554 497 1618 518 cum
1633 489 1746 518 dicitur:
1763 490 1890 519 Christus
1905 491 2059 520 secundum

1216 537 1291 574 quod
1313 535 1396 565 homo
1418 535 1511 564 differt
1537 544 1553 563 a
1574 535 1624 564 se³
1646 535 1723 569 Deo;
1742 535 1892 573 aliquando
1920 537 2060 566 alietatem

1215 586 1311 611 status
1332 591 1348 611 a
1368 585 1458 617 statu,
1480 586 1511 611 ut
1531 583 1629 611 Petrus
1650 590 1736 611 senex
1759 582 1852 611 differt
1872 591 1888 611 a
1909 591 1939 612 se
1959 592 2059 621 puero:

1216 636 1266 665 per
1288 628 1363 657 hunc
1384 628 1499 657 modum
1515 628 1727 665 intelligendum
1748 631 1790 657 est
1805 629 1839 658 de
1860 629 2060 659 similitudine.

1217 675 1333 711 Quando
1354 675 1439 712 igitur
1460 675 1566 703 similis
1594 675 1660 704 dicit
1680 676 1892 705 similitudinem
1918 676 2064 714 suppositi

1216 722 1252 750 ad
1280 722 1472 759 suppositum,
1497 730 1552 750 non
1573 725 1662 759 potest
1690 723 1763 751 idem
1786 730 1846 752 esse
1874 723 1973 752 similis
1993 723 2062 759 sibig

1216 768 1329 804 quando
1344 775 1410 796 vero
1425 768 1491 797 dicit
1505 768 1715 797 similitudinem
1731 772 1859 797 'naturae
1869 770 1905 798 ad
1919 773 2062 805 naturam,

1217 814 1262 842 vel
1282 818 1377 842 status
1398 814 1434 843 ad
1449 817 1565 849 statum,
1587 817 1677 851 potest
1698 815 1772 844 idem
1794 823 1854 844 esse
1875 816 1927 844 sibi
1949 816 2062 852 similis,

1217 861 1283 898 quia
1304 862 1372 890 haec
1387 865 1559 890 concurrunt
1579 862 1607 890 in
1621 862 1720 891 eadem
1741 870 1873 899 personag
1888 866 1915 892 et
1928 863 1966 892 ita
1987 864 2064 893 intel-

1217 908 1277 944 ligit
1298 908 1435 945 Magister.
1971 914 1973 916 ’

1575 1003 1642 1031 Due.
1664 1002 1705 1030 Ill.

1297 1096 1363 1124 Item
1385 1096 1531 1132 quaeritur
1552 1096 1587 1125 de
1601 1096 1653 1125 boc
1675 1097 1750 1134 quod
1772 1097 1853 1131 dicit,
1867 1097 1943 1134 quod
1961 1105 2066 1135 aequa-

1219 1142 1288 1170 litas
1309 1143 1413 1170 Patris
1434 1146 1459 1170 et
1479 1142 1552 1171 Filii
1564 1151 1622 1171 non
1642 1147 1684 1171 est
1703 1143 1807 1172 relatio
1822 1143 1865 1171 vel
1886 1143 1978 1178 notio,
1998 1144 2065 1181 quia

1219 1189 1312 1217 statim
1334 1189 1489 1225 praedixit,
1511 1189 1585 1226 quod
1606 1189 1700 1218 simile
1720 1192 1747 1218 et
1768 1190 1888 1228 aequale
1913 1193 1954 1219 est
1975 1190 2067 1219 relati-

1219 1243 1301 1263 vum:
1324 1243 1390 1272 ergo
1412 1235 1565 1264 similitudo
1586 1239 1627 1264 est
1648 1236 1755 1265 relatio.

1298 1282 1469 1310 Responnno:
1485 1281 1652 1316 Dicendum,
1664 1283 1739 1319 quod
1751 1281 1879 1320 Magister
1890 1283 2019 1321 intelligit
2029 1284 2064 1313 de

1219 1329 1345 1363 notione,
1367 1336 1438 1366 quae
1453 1332 1495 1357 est
1515 1337 1650 1365 personae
1662 1330 1845 1366 proprietas,
1867 1338 1922 1358 non
1941 1331 1976 1359 de
1997 1330 2066 1359 rela-

1220 1376 1293 1404 tione
1315 1375 1500 1404 communiter
1515 1375 1662 1404 intellecta.
1677 1393 1715 1396 —
1736 1376 1782 1404 Vel
1801 1376 1887 1405 aliter
1902 1376 2065 1410 dicendum,
2078 1383 2144 1403 Aliter-

1220 1423 1295 1459 quod
1316 1423 1434 1451 verbum
1458 1423 1578 1459 Magistri
1600 1425 1641 1452 est
1662 1423 1811 1452 causaliter
1837 1423 2063 1461 intelligendum,

1221 1469 1292 1498 sicut
1312 1472 1387 1505 patet
1408 1477 1443 1497 ex
1465 1469 1712 1505 praecedentibus,
1735 1470 1800 1506 quia
1821 1469 1985 1507 aequalitas
2010 1478 2065 1499 non

1220 1516 1344 1545 consistit
1364 1516 1391 1543 in
1414 1516 1632 1553 proprietatibus
1660 1516 1870 1552 personalibus,
1900 1517 1949 1545 sed
1976 1517 2065 1554 magis

1221 1562 1246 1591 in
1269 1562 1476 1596 essentialibus,
1498 1570 1569 1598 quae
1591 1570 1677 1599 supra
1698 1565 1824 1591 ostensae
1845 1562 1936 1591 5111114.

592 1748 1028 1797 COMMENTARIUS
1062 1748 1123 1795 IN
1156 1747 1594 1795 DISTINCTIONEM
1627 1747 1786 1795 XXXI.

1125 1873 1203 1910 ,rans
1224 1873 1253 1900 11.

438 1985 482 2018 De
508 1984 752 2030 appropriatione
778 1984 935 2017 nominum
961 1983 1174 2025 relativorum,
1202 1993 1281 2027 quae
1306 1983 1505 2016 communiter
1531 1988 1559 2016 et
1584 1983 1773 2016 aeternaliter
1798 1983 1948 2017 dicuntur.

695 2100 758 2129 Non
781 2104 821 2129 est
842 2100 888 2129 laic
906 2100 1214 2138 praeteimittendum,
1237 2100 1314 2138 qnod
1334 2100 1381 2127 vn·
1402 2100 1528 2128 illustris
1553 2100 1698 2128 Hilarius.

1055 2279 1177 2308 DIVISIO
1198 2280 1335 2308 TEXTUS.

401 2389 559 2418 Terminata
581 2393 659 2426 parte
681 2390 740 2423 illa,
764 2389 790 2417 in
812 2397 867 2426 qua
888 2389 945 2426 agit
966 2389 1000 2417 de
1021 2388 1169 2426 siginifica-

324 2436 397 2464 tione
420 2436 521 2464 horum
536 2436 680 2463 nominum
701 2435 807 2463 similis
823 2438 849 2464 et
870 2435 1016 2473 aequalis,
1038 2435 1082 2463 hic
1104 2435 1168 2463 inci-

323 2483 363 2519 pit
377 2483 505 2510 seeanda
526 2490 607 2519 pars,
630 2482 655 2510 in
678 2491 734 2519 qua
762 2483 818 2519 agit
839 2483 873 2511 de
895 2482 997 2510 horum
1022 2482 1165 2510 nominum

323 2529 578 2566 appropi-'iatiomss
600 2532 626 2557 et
647 2529 730 2557 habet
752 2529 819 2557 baec
840 2537 907 2565 pars
925 2529 996 2557 duas
1017 2531 1119 2566 partes.
1139 2529 1166 2556 ln

323 2576 415 2612 prima
428 2576 550 2611 assignat
570 2576 825 2612 app1·0priationes;
848 2576 875 2603 in
890 2576 1012 2604 secunda
1033 2578 1127 2604 movet
1141 2578 1169 2603 et

323 2623 406 2651 solvit
427 2622 643 2657 dubitationem,
665 2630 736 2659 quae
764 2630 799 2651 ex
822 2622 983 2651 huiusmodi
1009 2622 1169 2659 appropria-

324 2669 397 2697 tione
420 2669 503 2697 babet
517 2669 669 2705 originem,
690 2669 762 2697 inl'ra
776 2669 951 2698 distinctione
972 2669 1115 2705 trigesima
1130 2676 1169 2697 se-

325 2716 430 2745 cunda:
447 2716 502 2744 Hie
524 2716 620 2744 oritur
642 2716 771 2753 quaestio
792 2725 826 2744 eae
851 2716 1014 2753 praedietis
1035 2716 1168 2744 deducta.

1302 2388 1393 2416 Prima
1414 2396 1480 2424 pars
1501 2387 1636 2416 dividitur
1658 2388 1685 2416 in
1707 2388 1778 2417 duas
1798 2391 1903 2426 partes:
1926 2389 1953 2417 in
1965 2388 2068 2426 prima

1224 2435 1345 2471 assignat
1359 2435 1539 2472 appropriata
1557 2435 1712 2464 secundum
1728 2436 1862 2464 Hilarium
1872 2447 1879 2471 3
1898 2436 1925 2464 in
1940 2437 2069 2465 secumla

1225 2483 1379 2511 secundum
1402 2483 1600 2519 Angustinum,
1622 2483 1671 2511 ibi:
1697 2483 1772 2511 ltlmt
1792 2483 1880 2512 etiam
1901 2483 1975 2512 sciri
1988 2492 2070 2520 opor-

1225 2532 1274 2562 tet,
1289 2529 1366 2566 qnod
1386 2529 1505 2557 eamlem
1522 2529 1613 2557 trium.
1625 2538 1824 2566 personarmn
1846 2530 2068 2558 distinctionem.

1225 2576 1331 2604 Prima
1359 2584 1425 2612 pars
1451 2576 1535 2604 habet
1563 2579 1627 2604 tres.
1657 2576 1684 2604 111
1707 2576 1798 2613 prima
1825 2577 1947 2613 assignat
1975 2576 2069 2605 Hilarii

1224 2622 1478 2659 appropriationem
1500 2625 1527 2650 et
1548 2622 1609 2650 eius
1636 2622 1861 2658 explanationem
1889 2625 2003 2659 propter
2026 2622 2069 2651 sui

1223 2669 1430 2697 obscuritatem.
1453 2669 1480 2696 ln
1502 2668 1625 2697 secunda
1652 2669 1786 2702 ostendit,
1818 2669 1893 2705 quod
1922 2668 1969 2697 illa
1997 2676 2069 2705 quae

1225 2716 1344 2744 Hilarius
1359 2716 1493 2752 assignat,
1515 2724 1569 2743 non
1585 2719 1650 2744 sunt
1671 2716 1797 2753 propria,
1812 2716 1861 2745 sed.
1876 2715 2068 2753 appropriata,

390 2901 396 2915 ¹
415 2901 469 2929 Cap.
492 2902 508 2923 1.
526 2908 591 2930 seqq.
607 2913 639 2917 —
656 2902 704 2923 Mox
722 2908 764 2929 pro
782 2903 815 2924 est
832 2903 882 2924 cod.
901 2903 919 2924 Τ
937 2909 991 2925 vum
1008 2904 1056 2925 aliis
1069 2903 1136 2925 codd.
1148 2906 1170 2925 et

326 2941 362 2963 ed.
386 2941 390 2962 1
411 2940 448 2963 sil.

389 2979 398 2993 2
416 2979 471 3001 Cod.
491 2980 519 3001 W
537 2980 599 3002 addit
618 2980 672 3002 Deo.

1288 2902 1297 2917 ³
1315 2903 1366 2924 Sola
1384 2902 1433 2924 Vnt.
1452 2903 1532 2924 omittit
1549 2908 1580 2925 se.

1289 2942 1298 2956 ⁴¹
1315 2942 1369 2964 Dist.
1388 2942 1448 2964 XIX.
1466 2948 1484 2964 c.
1504 2943 1524 2963 l.
1542 2948 1618 2970 seqq,
1637 2945 1659 2964 et
1675 2942 1730 2964 ibid.
1748 2941 1876 2964 Comment.
1894 2948 1917 2970 p.
1936 2942 1949 2963 1.
1968 2948 1990 2970 q.
2009 2942 2029 2964 l.
2047 2942 2068 2963 2.
