2215 3404
137 334 242 365 tatem,
263 335 290 360 et
310 331 472 359 similitudo
494 330 649 359 secundum
671 329 832 366 qualitatem
847 329 871 362 ¹;

10 1036 144 1055 Fundamenta.

56 2341 133 2359 Axioma
137 2355 140 2359 .

659 205 742 233 DIST.
764 204 852 232 XXXI.
875 204 901 232 P.
923 204 941 231 I.
962 204 1035 232 ART.
1057 203 1172 232 UNICUS
1194 204 1329 239 QUAEST.
1351 204 1380 232 11.

227 287 253 313 ⁹2.
275 285 357 319 item,
378 283 543 322 aequalitas
575 283 677 312 dicitur
708 282 863 311 secundum
885 281 992 318 quanti-

893 328 942 356 sed
963 328 991 355 in

148 379 250 407 divinis
264 378 383 415 qualitas
398 380 425 406 et
439 377 578 414 quantitas
592 378 738 404 transeunt
751 376 780 403 in
795 375 990 403 substantiam:

147 433 214 462 ergo
235 427 285 453 etc.

228 471 254 500 3.
276 471 358 505 item,
379 478 461 499 omne
482 470 557 507 quod
579 469 682 498 dicitur
704 468 859 498 secundum
885 467 992 496 relatio-

148 526 227 552 nem,
249 518 380 554 importat
401 517 606 546 distinctionem
628 516 662 544 de
683 523 734 544 suo
748 514 895 552 principali
916 513 994 542 intel-

149 565 223 593 lectu
231 575 238 599 3
261 564 309 593 sed
330 563 425 592 simile
439 566 466 592 et
489 563 610 601 aequale
634 562 731 591 1116001
755 560 991 590 convenientiam:

148 618 215 648 ergo
236 618 290 639 000
312 610 445 638 dicuntur
466 609 622 638 secundum
643 607 818 636 relationem.

227 658 253 686 li.
276 658 359 691 item,
379 656 449 684 nihil
480 656 555 693 quod
582 655 684 684 dicitur
709 654 864 683 secundum
886 653 994 682 relatio-

149 712 228 739 nem,
254 703 357 732 dicitur
388 703 423 731 de
454 702 580 736 (1001103,
602 701 655 730 0131
676 702 808 738 importet
828 700 991 729 relationem

149 751 178 780 in
199 750 349 779 communi
367 767 406 770 —
426 750 479 778 hoc
501 749 562 778 dico
583 751 698 786 propter
719 748 771 776 hoc
799 755 899 776 nomen
921 746 994 774 rela-

150 801 197 826 tus
218 801 245 826 et
266 796 421 825 distinctus
435 812 473 815 —
488 796 537 824 sed
558 795 652 824 simile
667 798 693 824 et
707 794 828 832 aequale
841 794 994 830 important

148 844 301 881 specialem
322 843 494 877 relationem,
516 843 536 871 si
560 850 621 871 eam
649 842 800 879 important
812 840 832 875 2,
853 840 918 877 quia
939 847 994 868 non

150 894 192 920 est
212 891 354 927 asSIgnare
375 889 552 926 specialiores
573 889 626 917 sub
647 888 729 925 ipsis,
751 890 778 916 et
799 887 931 916 dicuntur
959 886 994 914 de

149 937 294 975 pluribus:
317 944 383 973 ergo
405 939 456 965 616.

229 984 355 1012 CONTRA:
382 985 403 1011 1.
421 982 540 1011 Hilarius
559 982 594 1011 de
615 981 748 1010 Trinitate
761 981 785 1008 ³:
813 979 994 1008 «Similitudo

151 1031 203 1060 sibi
224 1039 279 1059 non
311 1032 390 1061 esto:
418 1029 466 1058 sed
496 1036 578 1057 omne
607 1028 682 1066 quod
714 1027 816 1056 dicitur
838 1026 993 1060 secundum

150 1076 344 1110 substantiam,
366 1075 468 1104 dicitur
489 1075 524 1103 ad
546 1083 587 1104 se:
610 1082 676 1111 ergo
698 1076 748 1102 etc.

229 1125 255 1151 ἰ).
282 1123 361 1157 item,
390 1130 472 1151 omne
503 1122 578 1159 quod
610 1121 713 1150 dicitur
744 1120 900 1149 secundum
932 1119 995 1148 sub-

152 1170 296 1205 stantiam,
325 1169 427 1198 dicitur
453 1169 487 1197 de
515 1168 645 1206 pluribus
673 1167 852 1205 singulariter
861 1178 868 1201 3
890 1166 938 1195 sed
959 1166 996 1194 si-

151 1216 230 1245 milis
251 1219 278 1245 et
298 1216 430 1254 aequalis
451 1215 553 1244 dicitur
574 1214 735 1252 pluraliter:
758 1221 824 1251 ergo
845 1216 896 1242 etc.

231 1263 256 1292 3.
277 1263 360 1297 Item,
390 1262 557 1299 aequalitate
585 1262 707 1291 refertur
728 1262 808 1290 Pater
829 1261 865 1289 ad
887 1260 994 1294 Filium,

152 1312 179 1339 et
199 1309 283 1338 Filius
304 1309 339 1338 ad
362 1309 484 1343 Patrem,
506 1309 555 1337 sed
576 1316 629 1336 non
652 1308 786 1337 essentia:
808 1315 875 1344 ergo
897 1315 996 1344 aequa-

151 1357 215 1385 litas
236 1365 290 1385 non
312 1356 378 1385 dicit
399 1356 557 1384 essentiam.

230 1403 256 1431 ίι.
278 1403 360 1436 item,
382 1405 430 1430 aut
458 1402 537 1430 Pater
568 1405 609 1430 est
630 1401 784 1438 aequalitas
809 1401 867 1429 Filii
889 1401 925 1429 ad
947 1401 996 1428 Pa-

152 1453 242 1484 trem,
264 1452 313 1478 aut
333 1457 397 1477 non.
419 1449 446 1477 Si
466 1448 526 1477 sie:
549 1456 615 1485 ergo
636 1456 701 1477 cum
722 1448 807 1476 Filius
827 1447 996 1484 aequalitate

152 1496 199 1524 illa
220 1496 255 1525 sit
276 1495 401 1533 aequalis
422 1495 526 1529 Patri⁴,
550 1495 628 1523 Pater
642 1497 684 1523 est
698 1494 823 1531 aequalis
837 1494 906 1528 sibi:
921 1493 996 1530 quod

152 1551 205 1571 non
237 1542 408 1571 conceditur.
438 1542 518 1578 Quod
550 1542 572 1570 si
601 1542 681 1570 Pater
700 1550 760 1569 non
779 1543 821 1569 est
842 1540 997 1577 aequalitas

152 1589 211 1618 Filii
241 1589 276 1617 ad
308 1589 435 1623 Patrem,
464 1597 530 1625 ergo
561 1588 715 1626 aequalitas
744 1596 798 1616 000
831 1587 934 1616 dicitur
963 1586 997 1615 de

152 1636 296 1665 omnibus:
319 1644 385 1673 ergo
412 1644 467 1664 non
499 1636 565 1664 dicit
595 1635 760 1668 essentiam;
782 1634 901 1663 essentia
923 1633 997 1662 enim

153 1682 212 1710 Filii
232 1685 274 1711 est
296 1682 383 1711 Pater.

473 1798 685 1820 CONCLUSIO.

154 1901 321 1930 Similitudo
355 1904 381 1928 et
413 1899 578 1938 aequalitas
612 1899 753 1927 dicuutur
782 1898 881 1936 aliquo
912 1898 998 1926 modo

234 1951 293 1976 tum
325 1947 486 1975 seeundum
516 1946 713 1974 substantiam
746 1949 807 1973 tum
837 1945 998 1973 secundam

232 1994 418 2027 relationem,
439 1993 490 2021 sed
510 1993 622 2030 proprie
643 1996 669 2020 et
689 1992 880 2029 principaliter
901 2000 999 2019 seeun-

233 2041 304 2068 dum
326 2040 508 2073 relationem,
534 2047 570 2067 ex
602 2038 780 2075 consequenti
802 2042 826 2066 et
847 2038 998 2067 causaliter

232 2087 394 2115 secandum
413 2086 618 2114 substantiam.

234 2198 410 2225 Rnsrounno:
432 2196 600 2230 Dicendum,
632 2195 706 2232 quod
739 2194 895 2223 secundum
927 2201 999 2222 com-

156 2251 270 2272 munem
291 2243 416 2271 omnium
438 2242 614 2279 opinionem,
637 2249 699 2270 cum
715 2240 810 2269 simile
831 2243 858 2269 et
878 2240 1000 2277 aequale

156 2290 248 2319 dicant
269 2289 489 2318 convenientiam
510 2288 636 2325 plurium
657 2288 685 2315 111
706 2295 775 2321 000,
798 2286 892 2323 1100115
915 2287 949 2314 de
970 2294 999 2315 se

155 2337 306 2374 important
327 2336 538 2365 distinctionem
560 2336 587 2364 in
620 2335 771 2372 suppositis
803 2336 829 2362 et
861 2333 999 2362 unionem

156 2383 214 2413 sive
235 2384 370 2412 unitatem
392 2383 419 2411 10
441 2383 567 2411 essentia.
591 2383 622 2411 Et
643 2382 709 2419 quia
739 2380 886 2409 distinctio
907 2388 1000 2417 perso-

1833 206 1886 234 535

1049 287 1151 308 narum
1173 283 1279 317 spectat
1298 281 1333 309 ad
1359 281 1474 309 modum
1504 282 1613 310 dicendi
1645 283 1800 312 secundum
1821 283 1889 312 rela-

1048 327 1166 361 tionem,
1190 327 1291 355 unitas
1321 328 1429 357 essendi
1452 329 1487 357 ad
1520 329 1635 357 modum
1663 329 1772 358 dicendi
1794 337 1889 358 secun-

1048 374 1117 402 (10111
1128 374 1323 408 substantiam,
1335 374 1397 403 ideo
1412 375 1575 404 huiusmodi
1586 376 1699 404 nomina
1713 384 1762 404 nec
1777 377 1889 405 omnino
1899 383 1998 402 coneiusio
2011 383 2028 402 1.

1049 420 1181 448 dicuntur
1202 421 1356 449 secundum
1379 421 1571 456 substantiam,
1591 430 1641 450 066
1663 423 1774 450 omnino
1796 431 1891 451 secun-

1049 466 1117 495 dum
1139 466 1316 501 relationem,
1338 467 1387 496 sed
1408 468 1530 504 quodam
1554 469 1635 497 modo
1651 470 1805 497 secundum
1827 470 1890 498 sub-

1049 513 1197 547 stantiam,
1218 513 1340 550 quodam
1361 513 1444 541 modo
1466 514 1620 542 secundum
1643 515 1813 543 relationem.
1836 516 1889 544 Sed

1049 561 1114 596 quia
1135 568 1190 588 non
1211 563 1329 597 possunt
1343 561 1498 589 secundum
1519 561 1594 589 hunc
1615 561 1755 598 duplicem
1775 562 1889 590 modum

1050 606 1102 635 dici
1122 606 1343 643 principaliter,
1364 607 1413 635 sed
1434 615 1547 636 11666336
1568 611 1618 641 est,
1639 608 1714 645 quod
1736 609 1890 637 secundum

1049 653 1185 687 alterum,
1208 653 1270 681 ideo
1291 653 1412 682 ulterius
1433 657 1542 690 oportet
1562 662 1713 691 quaerere,
1736 655 1891 684 secundum
1905 661 2032 688 nissensusin

1050 706 1132 736 quem
1148 699 1264 728 modum
1279 699 1388 728 dicendi
1403 700 1579 736 accipiuntur
1591 700 1601 713 ‘³
1623 701 1650 728 in
1666 701 1776 729 divinis.
1799 701 1829 729 Et
1847 701 1893 730 hic
1906 684 2032 726 fflffiffissfflf'

1050 749 1115 775 sunt
1136 746 1264 774 diversae
1284 746 1435 783 opiniones.
1905 736 1935 749 Μ’

1130 793 1257 828 Quidam
1277 793 1350 822 enirn
1374 793 1484 828 dicunt,
1499 794 1574 831 quod
1590 794 1750 823 huiusmodi
1771 795 1892 830 nomina,
1906 809 1973 832 opinio
1987 808 2003 827 1,

1050 839 1206 868 secundum
1231 840 1440 868 concretionem
1472 840 1639 877 significata,
1661 841 1793 869 dicuntur
1811 842 1893 878 prin-

1050 886 1184 923 cipaliter
1205 887 1361 915 3660011010
1382 886 1559 915 relationem.
1581 887 1649 915 Nam
1670 887 1778 916 similes
1800 888 1895 917 dicun-

1050 936 1097 962 tur
1111 933 1246 961 habentes
1260 933 1377 961 eandem
1393 933 1563 970 qualitatem.
1585 933 1655 970 Quia
1675 935 1761 971 ergo⁷
1782 935 1894 971 respicit

1051 980 1226 1017 suppositum
1248 988 1299 1016 per
1321 987 1365 1015 se,
1381 980 1535 1009 3660011001
1551 981 1626 1017 quod
1641 985 1816 1015 concretum,
1832 981 1893 1010 ideo

1051 1027 1154 1055 dicitur
1176 1027 1331 1055 secundum
1353 1026 1531 1055 relationem.
1553 1027 1606 1055 Sed
1638 1028 1665 1055 in
1687 1027 1893 1061 abstractione,

1051 1073 1117 1110 quia
1147 1073 1309 1101 similitudo
1341 1076 1383 1101 est
1414 1073 1507 1102 unitas
1537 1076 1655 1101 naturae
1676 1073 1720 1102 vel
1742 1074 1893 1108 essentiae,

1051 1120 1117 1157 quia
1138 1120 1251 1156 respicit
1271 1120 1405 1148 unitatem
1427 1120 1532 1148 formae
1553 1119 1658 1156 primo,
1677 1128 1731 1148 non
1747 1120 1896 1149 distinctio-

1052 1175 1114 1195 nem
1135 1167 1344 1203 suppositorum
1359 1167 1412 1195 nisi
1430 1175 1463 1195 ex
1488 1167 1682 1204 consequenti,
1704 1167 1894 1204 principaliter

1051 1214 1153 1242 dicitur
1185 1213 1340 1242 secundum
1361 1213 1566 1242 substantia-ni.
1588 1231 1626 1234 —
1647 1214 1699 1242 Sed
1721 1214 1772 1242 iste
1793 1214 1894 1243 modus
1903 1226 2025 1250 tumrobatur.

1052 1260 1175 1289 solvendi
1199 1268 1252 1288 non
1274 1263 1315 1288 est
1346 1260 1520 1289 conveniens.
1542 1260 1610 1288 Nam
1632 1263 1674 1289 est
1694 1260 1790 1289 eadem
1813 1261 1895 1297 signi-

1052 1307 1142 1336 ficatio
1164 1307 1191 1335 in
1213 1310 1341 1336 concreto
1363 1310 1389 1335 et
1420 1308 1447 1335 in
1476 1307 1616 1335 abstracto
1644 1307 1671 1335 in
1693 1307 1839 1344 principali
1861 1307 1895 1335 si—

1053 1353 1216 1390 30111601οἣ
1248 1361 1314 1390 ergo
1346 1354 1367 1382 si
1400 1354 1502 1382 dicitur
1523 1353 1678 1382 secundum
1710 1354 1894 1382 substantiam

1053 1408 1150 1431 unum,
1171 1403 1198 1428 61
1219 1400 1360 1436 1611110001
1382 1400 1523 1428 3110111161;
1556 1408 1623 1436 ergo
1654 1400 1706 1428 1106
1728 1408 1782 1428 1100
1811 1400 1895 1428 solvit

1053 1446 1128 1482 quod
1150 1446 1256 1474 dictum
1277 1448 1327 1474 est.

1132 1492 1267 1520 Secunda
1287 1492 1380 1528 opinio
1408 1496 1467 1526 est,
1499 1491 1574 1528 quod
1599 1492 1762 1520 huiusmodi
1784 1492 2008 1525 noniinaomnioa.

1054 1541 1080 1567 et
1101 1539 1128 1566 in
1151 1538 1329 1566 concretione
1350 1541 1377 1567 et
1398 1538 1424 1566 in
1447 1538 1644 1567 abstractione
1671 1539 1804 1567 dicuntur
1823 1539 1898 1575 prin-

1054 1585 1180 1622 cipaliter
1212 1586 1368 1614 secundum
1398 1585 1596 1613 substanticwn
1634 1588 1661 1614 et
1693 1588 1840 1614 connotant
1861 1585 1900 1614 di-

1054 1633 1228 1661 stinctionem
1250 1633 1277 1661 in
1300 1632 1459 1669 suppositis.
1483 1632 1513 1660 Et
1534 1633 1605 1660 ratio
1620 1633 1745 1669 ipsorum
1768 1635 1818 1666 est,
1833 1631 1898 1669 quia

1054 1689 1118 1709 cum
1149 1680 1302 1709 similitudo
1333 1680 1463 1717 respiciat
1494 1680 1546 1708 ista
1579 1680 1650 1713 duo,
1678 1679 1783 1708 scilicet
1803 1686 1899 1707 conve-

1054 1727 1187 1755 nientiam
1208 1729 1235 1755 et
1256 1726 1458 1761 differentiam,
1480 1725 1670 1754 innnediatius
1691 1729 1719 1754 et
1733 1726 1899 1762 completius

1055 1773 1167 1810 respicit
1198 1772 1418 1801 convenientiam
1430 1772 1448 1800 ⁹.
1478 1772 1615 1801 Dicuntur
1642 1772 1715 1801 6111111
1738 1771 1899 1809 differentes

1055 1827 1116 1848 6336
1135 1819 1259 1852 similes,
1282 1819 1309 1847 in
1331 1821 1466 1856 quantum
1499 1818 1681 1852 conveniunt,
1704 1818 1899 1846 convenientes

1056 1874 1122 1894 vero
1144 1874 1199 1894 000
1228 1866 1361 1894 dicuntur
1393 1865 1513 1899 similes,
1541 1865 1569 1893 in
1594 1868 1729 1902 quantum
1751 1864 1898 1902 differunt.

1056 1913 1175 1950 Respicit
1195 1920 1261 1949 ergo
1292 1912 1445 1941 similitudo
1470 1912 1673 1941 distinctionem
1702 1920 1752 1949 per
1783 1912 1898 1940 modum

1055 1959 1243 1993 materiaeffl,
1265 1959 1313 1988 sed
1334 1967 1384 1996 per
1406 1959 1520 1987 modum
1541 1958 1657 1995 formae
1679 1959 1790 1995 respicit
1812 1959 1900 1987 unita-

1055 2009 1110 2035 tem
1132 2006 1282 2040 633601106,
1304 2009 1331 2034 et
1352 2006 1413 2034 ideo
1435 2005 1599 2042 completive
1619 2006 1721 2034 dicitur
1743 2005 1898 2034 secundum

1054 2052 1252 2080 substantiam
1273 2055 1329 2080 tam
1350 2051 1512 2080 similitudo
1540 2060 1624 2088 quam
1649 2051 1764 2079 similis.
1786 2068 1824 2071 -
1845 2052 1898 2080 Sed
1907 2061 2031 2085 Improbatur.

1056 2100 1108 2127 ista
1128 2099 1228 2135 positio
1249 2106 1303 2126 non
1325 2100 1416 2135 potest
1438 2101 1520 2127 stare.
1535 2098 1648 2126 Certum
1663 2098 1737 2126 enim
1759 2101 1809 2132 est,
1825 2098 1900 2135 quod

1055 2146 1217 2174 similitudo
1239 2145 1341 2174 dicitur
1362 2147 1506 2182 respectus
1527 2145 1686 2181 aliquorum
1708 2145 1743 2173 ad
1765 2145 1899 2179 invicemg

1056 2193 1104 2221 sed
1126 2192 1152 2221 in
1176 2193 1278 2221 divinis
1308 2200 1364 2220 non
1395 2195 1437 2220 est
1468 2192 1519 2220 nisi
1542 2195 1685 2228 respectus
1706 2199 1842 2228 personae
1864 2192 1900 2220 ad

1056 2248 1212 2277 personam.
1236 2240 1386 2276 Respectus
1413 2241 1505 2267 autem
1529 2246 1664 2275 personae
1684 2239 1719 2267 ad
1751 2246 1899 2275 personam

1057 2295 1109 2315 non
1132 2290 1222 2323 potest
1236 2286 1289 2315 dici
1306 2286 1460 2315 secundum
1475 2285 1685 2313 substantiam:
1707 2293 1773 2322 ergo
1788 2293 1900 2314 necesse

1057 2336 1107 2367 est,
1129 2333 1204 2370 quod
1235 2333 1288 2361 hoc
1318 2340 1419 2361 nomen
1450 2332 1560 2365 simile,
1582 2332 1657 2369 quod
1679 2340 1695 2360 a
1717 2332 1900 2360 similitudine

1057 2380 1226 2417 imponitur,
1248 2380 1404 2409 secundum
1425 2379 1622 2407 substantiam
1643 2388 1696 2407 non
1720 2379 1839 2407 dicatur.

220 2576 227 2590 ¹
245 2576 289 2598 Ct'r.
311 2582 381 2603 supra
404 2582 456 2603 pag.
483 2575 540 2603 342,
559 2578 610 2597 nota
635 2575 656 2597 6.
682 2575 714 2597 De
739 2574 828 2597 minoz-z·
853 2574 904 2596 vido
930 2580 1000 2601 supra

157 2615 179 2637 d.
197 2616 234 2637 22.
252 2622 273 2644 q.
293 2615 312 2637 4.

218 2654 228 2668 ‘2
246 2655 360 2682 intelligo:
378 2655 397 2675 si
414 2654 514 2682 aliquam
532 2654 665 2675 relationem
682 2654 813 2680 important.
831 2665 862 2669 —
880 2653 929 2675 Vat.
950 2654 1001 2680 post

157 2692 179 2716 si
193 2699 244 2716 eam
262 2693 354 2715 subiicit
369 2692 483 2722 inquam,
503 2699 545 2720 pro
563 2698 609 2721 quo
626 2692 694 2714 codd.
712 2693 731 2714 K
743 2692 791 2714 VX
810 2698 890 2721 aeque.

219 2731 229 2746 ⁷³
245 2732 305 2754 Libr.
325 2732 356 2754 111.
375 2738 396 2754 0.
414 2732 451 2754 23,

220 2770 228 2784 ⁴
246 2770 382 2798 Complures
399 2771 465 2793 codd.
483 2774 508 2793 ut
525 2771 558 2792 Gl
569 2771 586 2792 T
597 2770 710 2792 VWYZ
733 2777 759 2792 00
777 2770 809 2792 bb
826 2777 852 2792 co
878 2770 915 2791 hic
935 2770 1002 2791 111161·-

158 2812 248 2838 11001101
263 2810 334 2832 Pater
351 2811 384 2832 est
400 2809 507 2839 aequalis
524 2809 599 2832 Patri.

220 2848 230 2863 5
246 2849 397 2870 solummodo
415 2849 465 2871 Vnt.
483 2849 565 2870 omittit
580 2848 658 2878 quod;
675 2848 716 2870 sed
741 2854 792 2870 mos
816 2850 849 2870 est
876 2848 1002 2875 Srraphici,

158 2889 180 2910 in
197 2888 311 2910 similibus
328 2887 538 2910 constructionibus
555 2890 659 2916 repetere
676 2887 744 2917 quod.

221 2927 231 2942 ὃ
248 2928 335 2955 50111116
351 2933 405 2949 cum
423 2928 473 2949 Vat.
490 2926 659 2956 principaliter.
677 2939 708 2943 —
729 2927 798 2949 Paulo
823 2927 930 2954 3011611113
952 2928 1003 2948 nuto

158 2972 251 2989 necesse
268 2968 303 2989 est
317 2973 344 2989 ox
361 2973 415 2989 mss.
432 2967 573 2989 restituimus
589 2966 640 2994 sed,
660 2966 723 2995 quod
740 2973 752 2988 0
769 2966 820 2988 Vat.
838 2966 909 2988 abest.

1119 2573 1128 2587 ⁷
1146 2574 1260 2601 intelliget
1283 2568 1366 2595 locutio
1384 2573 1419 2594 11Ιο
1437 2573 1458 2594 10
1484 2575 1606 2599 conc-reim
1631 2572 1683 2593 vol:
1712 2571 1791 2593 similis
1818 2574 1840 2592 ot
1867 2577 1901 2592 06-

1058 2614 1139 2642 qualis.

1120 2652 1129 2666 ὃ
1146 2652 1175 2674 110
1193 2651 1251 2673 bono
1270 2652 1333 2678 Vat.,·
1351 2656 1394 2678 pro
1405 2648 1533 2679 principali
1548 2648 1681 2678 ἱ0910111010)
1693 2648 1761 2670 codd.
1773 2654 1827 2669 60111
1839 2647 1875 2669 od.
1892 2648 1896 2669 1

1057 2691 1200 2713 substituunt
1217 2690 1300 2718 11011110
1318 2690 1339 2711 et
1360 2688 1492 2717 supposito,
1519 2688 1602 2715 partim
1628 2687 1649 2709 rt
1673 2686 1696 2708 iu
1721 2685 1841 2715 supposito
1866 2686 1901 2707 vel

1058 2730 1081 2752 et
1096 2728 1118 2751 in
1137 2729 1228 2755 sanilo,
1248 2734 1306 2756 quae
1323 2727 1430 2749 lectiones
1442 2727 1613 2753 corruptionem
1631 2726 1729 2752 sapiunt.

1121 2768 1130 2781 ⁹
1147 2767 1219 2790 Codd.
1232 2767 1248 2789 C
1258 2767 1273 2788 L
1285 2767 1313 2787 W
1323 2766 1342 2788 Y
1354 2766 1443 2788 addunt
1454 2772 1526 2795 quam.
1538 2764 1693 2794 differentiam
1702 2783 1708 2791 ,
1723 2763 1790 2785 codd.
1803 2764 1819 2784 R
1831 2764 1845 2784 S
1854 2763 1871 2785 U
1882 2763 1901 2784 V

1059 2813 1181 2835 perperam
1199 2807 1220 2828 el
1237 2805 1409 2835 differentiam,
1429 2805 1480 2827 cod.
1498 2805 1518 2826 X
1536 2804 1640 2831 adiungit
1656 2804 1677 2825 et
1697 2802 1838 2825 secundario
1861 2801 1902 2830 dis-

1058 2845 1192 2875 ferentium.

1123 2884 1141 2898 ¹⁰
1158 2884 1210 2905 Sive
1235 2883 1392 2906 muteriuliter
1417 2884 1430 2905 i.
1455 2890 1475 2905 c.
1502 2883 1577 2904 minus
1607 2881 1763 2909 principaliter
1787 2882 1809 2902 ct
1837 2881 1901 2908 quasi

1059 2923 1214 2946 connotuudo.
