2215 3404
28 747 58 766 Ad
70 746 144 770 opposi-

63 771 108 788 tum.

45 1911 112 1936 Opinio
127 1912 142 1929 l.

660 196 743 224 DIST.
766 195 865 224 XXVII.
888 195 913 223 Ρ.
935 196 953 223 1.
975 196 1047 224 ART.
1069 196 1185 224 UNICUS
1206 196 1340 232 QUAEST.
1363 196 1391 224 ΙΙ.

155 275 296 314 yenerari
314 283 398 312 quam
413 283 488 308 esse,
509 277 536 303 et
550 274 629 311 prius
644 276 685 302 est
699 281 760 302 esse
775 281 859 310 quam
881 273 998 302 referri:

156 330 223 359 ergo
245 322 323 359 prius
344 324 386 350 est
407 321 533 358 generari
556 328 640 358 quam
662 328 722 349 esse
737 320 841 348 filium:
857 327 924 356 ergo
938 319 998 356 pari

157 369 263 398 ratione
283 368 362 406 prius
383 371 425 396 est
453 367 605 404 generare¹
627 375 710 404 quam
733 374 793 395 esse
824 369 932 403 patrem
961 374 1000 395 se-

157 416 280 445 eundum
302 415 429 444 ordinem
450 414 629 451 intelligendi.
645 414 670 442 Si
692 421 759 450 ergo
772 413 852 450 prius
873 416 915 441 est
930 413 1000 441 ratio

157 461 331 500 posterioris,
353 469 408 489 non
429 468 444 489 e
465 468 613 489 converso:
635 467 702 496 ergo
722 462 773 488 etc.

236 508 262 537 3.
273 508 349 542 Item,
362 507 518 545 hypostasis
529 506 616 535 Patris
630 509 671 534 est
685 508 776 542 pater:
792 508 841 533 aut
854 513 921 541 ergo
935 504 1001 541 quia

156 555 246 589 Deus,
267 557 315 582 aut
336 554 401 591 quia
422 553 496 582 Deus
511 560 655 590 generans.
673 552 731 580 Non
752 551 818 588 quia
832 552 920 586 Deus,
935 551 1001 588 quia

157 602 218 639 pari
239 601 345 629 ratione
372 604 399 629 et
421 600 518 628 Filius:
551 607 618 636 ergo
649 599 714 636 quia
742 598 816 627 Deus
847 606 1001 635 generans,

156 657 223 686 ergo
244 651 295 676 etc.

234 695 361 724 CONTRA:
386 695 410 722 l.
432 694 489 722 Non
511 696 623 730 generat
644 693 697 722 nisi
718 700 838 729 persona
858 692 1001 727 distincta,

156 742 286 780 quoniam
306 749 449 779 generare
469 748 524 768 non
545 740 673 768 convenit
693 740 846 773 essentiae,
869 739 918 768 sed
942 747 1003 776 per-

156 797 255 823 sonae3
277 789 325 817 sed
346 796 465 825 persona
486 787 574 815 Patris
595 795 649 815 non
671 790 713 815 est
735 787 864 815 distincta
878 786 931 815 nisi
951 794 1001 823 per

154 836 364 873 paternitatem:
388 842 455 871 ergo
475 842 530 862 non
552 833 681 862 convenit
700 841 843 871 yenerare
864 833 903 861 illi
919 833 1003 870 hypo-

155 882 221 911 stasi
242 881 295 910 nisi
316 889 367 918 per
388 880 597 918 paternitatem:
621 888 687 917 ergo
702 880 765 908 ideo
779 882 893 916 generat
904 879 922 914 ²,
936 879 1002 917 quia

155 932 243 967 pater.

234 976 260 1003 2.
282 975 348 1003 Item
358 997 364 1009 ,
376 974 402 1002 in
419 974 462 1002 his
477 981 549 1011 quae
564 981 617 1001 non
633 973 820 1010 acquiruntur
834 980 884 1010 per
898 975 1001 1005 actum,

155 1022 235 1059 prius
254 1024 297 1050 est
318 1021 430 1049 habitus
458 1028 541 1057 quam
571 1022 650 1048 actus
682 1019 838 1048 secundum
865 1019 1001 1048 rationem

155 1068 326 1105 intelligendi
337 1085 376 1088 —
387 1067 453 1104 quia
467 1067 541 1096 enim
556 1075 611 1095 non
626 1074 725 1095 sumus
741 1066 806 1094 boni
827 1074 878 1103 per
900 1074 1001 1103 opera,

156 1115 205 1144 sed
227 1114 314 1151 magis
335 1122 350 1143 e
371 1121 505 1143 converso
526 1113 605 1150 prius
630 1121 729 1142 sumus
744 1113 825 1147 boni,
840 1121 925 1150 quam
940 1120 1002 1149 ope-

155 1168 253 1189 remur
274 1159 367 1189 bona³
385 1175 424 1179 —-
443 1159 493 1188 sed
523 1159 676 1196 paternitas
698 1167 752 1187 non
773 1159 929 1196 acquiritur
949 1166 1001 1196 per

156 1210 248 1236 aetum
271 1206 298 1235 in
320 1207 387 1235 Deo:
411 1214 477 1243 ergo
498 1206 578 1243 prius
598 1206 696 1234 ordine
718 1205 889 1242 intelligendi
906 1205 1003 1234 intelli-

156 1253 231 1291 gitur
252 1261 312 1282 esse
333 1256 421 1290 pater,
442 1261 527 1289 quam
548 1255 668 1289 generet.

235 1299 260 1328 3.
283 1299 362 1333 item,
384 1299 475 1327 Pater
494 1302 632 1336 qenai-at,
654 1298 705 1327 iste
726 1301 768 1327 est
789 1298 904 1335 quidam
923 1300 1002 1326 actus

156 1346 284 1381 divinus,
306 1346 354 1383 qui
375 1354 425 1383 per
446 1354 475 1374 se
504 1346 576 1374 inest
604 1346 676 1374 Patri
699 1345 768 1379 soli;
800 1353 921 1382 quaero,
952 1352 1002 1381 per

157 1394 223 1431 quid
237 1396 247 1422 ’ἓ
263 1394 315 1421 Aut
328 1393 401 1422 enim
424 1392 490 1429 quia
510 1393 588 1420 Deus
599 1392 616 1426 ⁴¹.
638 1396 686 1420 aut
707 1392 773 1429 quia
794 1392 872 1419 Deus
898 1395 1001 1428 pater,

157 1442 205 1468 aut
226 1439 292 1477 quia
316 1438 507 1472 z'ymctscz'bilz's.
539 1439 596 1467 Non
625 1439 691 1476 quia
712 1439 807 1471 Deus,
840 1438 905 1475 quia
936 1442 1003 1467 tunc

157 1486 240 1514 etiam
261 1486 364 1514 inesset
378 1485 456 1520 Fili03
477 1493 532 1513 non
547 1485 613 1521 quia
628 1484 826 1518 omaseibilis,
849 1485 914 1521 quia
929 1484 1004 1513 inna-

157 1533 290 1562 scibilitas
312 1532 378 1561 dicit
399 1532 550 1560 nativitatis
578 1531 780 1568 privationem,
808 1539 863 1559 non
894 1531 1004 1568 positio—

157 1580 252 1609 nem⁵z
275 1587 341 1616 ergo
362 1588 378 1607 a
400 1579 547 1612 divisione,
569 1578 635 1615 quia
656 1578 734 1606 Deus
751 1581 847 1615 pater.

472 1663 683 1685 CONCLUSIO.

253 1735 407 1764 Generatio
424 1734 524 1771 potius
545 1737 586 1762 est
605 1734 684 1762 ratio
702 1734 905 1771 paternitati&

435 1789 526 1819 quam
547 1789 561 1809 e
581 1789 726 1809 converso.

235 1860 411 1888 Rssspommoz
434 1859 474 1888 Ad
494 1858 704 1895 intelligentiam
727 1858 812 1887 huius
833 1858 1001 1893 notandum,

157 1906 232 1943 quod
253 1906 298 1935 hic
319 1909 361 1935 est
381 1905 489 1943 duplex
509 1905 609 1942 opinio.
636 1905 754 1942 Quidam
783 1905 898 1939 dicunt,
927 1905 1000 1942 quod

1842 199 1898 227 469

1056 281 1121 302 cum
1146 273 1329 310 proprietates
1360 273 1492 302 relativae
1512 282 1527 303 e
1558 275 1697 303 contrario
1719 275 1774 303 sint
1794 275 1821 303 in
1842 275 1900 304 Deo

1056 327 1140 356 quam
1169 320 1196 347 in
1228 319 1497 356 creaturis—quia
1528 321 1555 348 in
1584 321 1741 349 creaturis⁶
1761 325 1792 349 ut
1820 322 1901 351 adve-

1056 366 1176 398 nientes.
1197 366 1225 394 in
1247 366 1303 394 Deo
1324 369 1355 394 ut
1383 366 1540 395 insistentes
1555 367 1680 404 —quod
1710 367 1737 395 in
1764 368 1900 397 creaturis

1056 417 1140 441 actus
1161 416 1202 441 est
1222 413 1364 441 relationis
1385 413 1471 447 ratio,
1492 413 1567 441 unde
1589 414 1616 441 in
1641 414 1817 443 inferioribus
1838 415 1900 443 ideo

1056 462 1097 488 est
1111 462 1198 496 pater,
1211 459 1276 495 quia
1291 461 1405 496 generat
1411 469 1418 493 3
1434 459 1482 487 sed
1498 459 1524 487 in
1540 459 1641 488 divinis
1656 468 1671 488 e
1686 463 1781 489 contra
1795 460 1899 489 relatio

1057 509 1099 534 est
1120 505 1189 533 ratio
1210 508 1297 533 aetus.
1330 505 1406 534 Unde
1434 506 1596 542 simpliciter
1624 507 1794 539 concedunt,
1825 507 1901 544 quod

1057 552 1136 580 Pater
1157 554 1286 588 generat,
1307 552 1373 588 quia
1394 555 1487 588 pater;
1509 555 1536 581 et
1556 557 1657 589 negant
1678 554 1842 582 conversim.

1136 598 1188 627 Sed
1210 598 1339 635 quamvis
1361 598 1431 626 illud
1452 602 1544 635 posset
1566 599 1659 636 aliquo
1680 600 1763 628 modo
1784 600 1843 636 eapi
1866 600 1901 628 ab
1915 606 2041 624 Nonornnino

1057 645 1199 674 intellectu
1220 653 1257 673 ex
1278 648 1357 682 parte
1374 645 1476 679 Patris,
1498 649 1589 674 tamen
1618 646 1639 674 si
1657 646 1726 674 illud
1748 646 1903 675 considere·
1920 629 2040 653 mmmmm

1057 700 1121 720 mus
1142 692 1169 720 in
1191 691 1272 726 Filio,
1294 692 1406 720 omnino
1428 700 1482 720 non
1504 692 1616 720 videtur
1631 692 1811 729 intelligibile,
1826 693 1901 729 quod

1057 738 1130 773 ideo,
1153 739 1218 775 quia
1240 738 1330 773 filius,
1359 742 1509 775 generetur
1520 739 1537 766 ⁷.
1558 738 1625 766 Nam
1652 739 1836 767 communiter
1864 734 1915 767 di-l

1057 785 1139 820 citur,
1160 788 1187 813 et
1209 785 1278 813 ratio
1299 785 1468 819 concordat,
1483 785 1558 822 quod
1574 785 1658 814 Filius
1679 788 1706 814 et
1726 785 1801 822 quod
1817 785 1852 814 sit
1875 787 1902 814 et

1057 831 1132 869 quod
1153 831 1229 860 silius
1250 831 1298 865 sit,
1320 832 1372 860 hoe
1393 831 1478 860 habet
1499 839 1549 868 per
1580 832 1804 868 generationem:
1836 839 1903 868 ergo

1057 878 1198 915 generatio
1220 878 1374 906 secundum
1404 878 1538 907 rationem
1568 878 1738 915 intelligendi
1762 878 1903 914 praecedit

1057 925 1232 959 filiationem:
1254 928 1280 953 et
1302 925 1418 953 relativa
1439 928 1503 953 sunt
1526 925 1610 954 simul
1631 929 1732 953 natura
1753 925 1780 953 in
1806 925 1903 953 intelli-

1057 972 1159 1009 gendo,
1181 980 1235 1000 non
1257 975 1364 1000 tantum
1388 973 1413 1001 in
1436 973 1553 1001 essendo
1567 973 1594 1000 ⁸:
1618 980 1684 1009 ergo
1699 973 1840 1009 generatio
1862 975 1903 1001 est

1057 1019 1128 1047 ratio
1149 1019 1258 1047 dicendi
1280 1019 1474 1056 paternitatem
1496 1019 1523 1047 in
1545 1019 1601 1047 Deo
1622 1019 1711 1047 Patre.
1733 1019 1809 1048 Sicut
1829 1019 1903 1048 enim

1057 1073 1087 1094 se
1107 1065 1191 1093 habet
1212 1065 1353 1102 generatio
1373 1066 1484 1102 passiva
1505 1065 1541 1094 ad
1563 1065 1740 1099 filiationem,
1762 1066 1799 1094 ita
1814 1065 1903 1094 activa

1057 1112 1092 1141 ad
1114 1112 1317 1148 paternitatem.

1137 1159 1167 1187 Et
1188 1162 1336 1196 propterea
1356 1162 1398 1187 est
1419 1159 1473 1187 alia
1494 1159 1599 1196 opinio,
1621 1159 1696 1196 quod
1719 1159 1781 1187 ideo
1802 1162 1843 1188 est
1858 1167 1903 1196 pa-
1916 1166 1983 1189 Opinio
1997 1166 2014 1184 -2-

1057 1208 1108 1240 ter.
1130 1206 1196 1242 quia
1217 1208 1338 1242 generat.
1361 1206 1391 1234 Et
1411 1206 1486 1242 quod
1514 1206 1582 1234 illud
1611 1206 1645 1234 sit
1676 1206 1745 1234 bene
1777 1206 1901 1240 dietum,

1057 1256 1133 1290 patet
1147 1261 1197 1289 per
1209 1252 1391 1281 differentiam
1408 1253 1576 1289 assignatam
1592 1253 1663 1281 inter
1686 1253 1902 1290 yciteratz‘onem

1058 1302 1085 1329 et
1105 1308 1164 1328 esse
1182 1303 1298 1336 patrem
1309 1300 1326 1327 ⁹.
1348 1300 1416 1328 Nam
1432 1300 1586 1328 seeundum
1603 1301 1745 1337 propriam
1765 1300 1902 1329 rationem

1056 1347 1205 1384 yeneratz'o
1217 1346 1283 1375 dicit
1294 1346 1496 1375 emanationem
1512 1347 1570 1375 sive
1583 1347 1726 1384 originem,
1735 1347 1901 1384 paternitas

1059 1393 1125 1422 dicit
1137 1393 1338 1421 habitudinem.
1350 1392 1461 1421 Constat
1475 1395 1578 1427 autem,
1593 1393 1668 1430 quod
1684 1393 1766 1431 oriyo
1778 1396 1819 1421 est
1830 1393 1900 1421 ratio

1060 1439 1246 1473 habitudinis,
1268 1447 1322 1467 non
1344 1437 1483 1467 habitudo
1506 1439 1575 1467 ratio
1597 1439 1711 1476 originis
1725 1443 1774 1468 est.
1788 1440 1819 1468 Et
1840 1439 1901 1468 ideo

1059 1485 1199 1522 generatio
1231 1488 1272 1513 est
1300 1485 1371 1513 ratio
1401 1485 1575 1522 paternitatis
1591 1508 1598 1519 ‚
1629 1493 1684 1514 non
1714 1493 1729 1514 e
1758 1493 1900 1514 converso.
1916 1491 2024 1511 Conclusio.

1059 1531 1122 1560 Ideo
1144 1531 1336 1560 conceduntur
1357 1532 1478 1561 rationes
1499 1532 1534 1560 ad
1556 1532 1617 1561 hoc.

1141 1579 1164 1606 1.
1186 1578 1222 1606 Ad
1247 1577 1316 1606 illud
1338 1586 1406 1615 ergo
1427 1578 1502 1615 quod
1523 1578 1653 1607 obiicitur
1674 1579 1701 1607 in
1723 1578 1902 1613 eontrarium,
1916 1585 1986 1618 Soluto
1999 1590 2032 1608 01>-

1059 1625 1133 1661 quod
1155 1633 1208 1653 non
1232 1627 1346 1661 generat
1366 1625 1419 1653 nisi
1441 1633 1561 1662 persona
1582 1625 1723 1660 distincta;
1744 1625 1903 1660 dicendum,
1932 1611 2044 1632 pomorum.

1059 1671 1135 1708 quod
1157 1678 1257 1699 verum
1279 1674 1338 1706 est,
1360 1671 1434 1708 quod
1467 1672 1622 1700 seeundum
1650 1672 1784 1700 rationem
1807 1671 1904 1701 intelli-

1059 1717 1141 1754 gendi
1163 1725 1275 1746 necesse
1296 1720 1338 1746 est
1358 1720 1422 1746 ante
1443 1718 1649 1754 generationem
1677 1718 1792 1755 intelligi
1820 1717 1905 1756 hypo-

1058 1764 1162 1792 stasim
1177 1781 1216 1784 —
1230 1764 1386 1793 secundum
1402 1764 1528 1793 ordinem
1544 1764 1714 1801 intelligendi
1730 1765 1828 1802 loquor
1837 1765 1856 1779 ¹⁰
1867 1781 1905 1785 —

1058 1811 1108 1840 sed
1142 1819 1196 1839 non
1230 1814 1339 1847 oportet
1372 1811 1595 1848 praeintelligere
1622 1819 1683 1840 eam
1715 1816 1784 1840 actu
1805 1811 1904 1839 distin-

1058 1861 1146 1891 ctam,
1168 1858 1233 1895 quia
1254 1858 1314 1894 ipsa
1335 1857 1516 1894 distinguitur
1536 1865 1586 1895 per
1607 1858 1805 1895 proprietatem
1827 1865 1905 1895 gene-

1057 1905 1172 1933 rationis
1204 1905 1379 1933 distinctione
1412 1905 1563 1942 completa,
1586 1905 1657 1933 sieut
1681 1904 1782 1933 melius
1799 1904 1904 1942 patebit

222 2062 229 2076 1
248 2062 298 2085 Vat.
315 2061 437 2091 perieram,
457 2067 527 2090 quem
544 2068 646 2084 errorem
668 2062 810 2084 correximus
826 2068 853 2083 ex
875 2062 1004 2091 antiquiori-

160 2101 205 2124 bus
221 2107 276 2123 mss.
293 2104 315 2124 et
332 2101 368 2123 ed.
387 2101 406 2123 l.

222 2139 232 2154 ‘2
249 2140 299 2162 Vat.
317 2145 370 2162 cum
394 2139 508 2161 nonnullis
525 2139 592 2162 codd.
610 2139 680 2161 modo
703 2140 810 2167 negativo
833 2145 888 2169 erqo
905 2145 954 2162 non
970 2145 1005 2169 ye-

159 2179 230 2202 nerat
245 2178 297 2201 m'sz‘.

222 2217 232 2232 ³
248 2218 349 2246 Aristot.,
368 2218 390 2240 ll.
412 2218 482 2240 Ethic.
500 2223 519 2240 c.
537 2216 562 2239 4:
579 2217 624 2239 Res
640 2218 710 2246 igitur
731 2223 786 2239 sane
807 2218 880 2239 iustae
905 2219 926 2239 et
949 2219 1005 2239 tem-

160 2259 266 2285 perantes
282 2256 399 2284 dicuntur,
417 2262 470 2279 cum
487 2257 570 2279 suerint
581 2257 647 2284 tales,
661 2257 739 2285 quales
756 2257 792 2278 vir
809 2257 882 2278 iustus
898 2256 934 2278 vel
952 2259 1006 2278 tem-

160 2302 244 2324 perans
260 2299 348 2323 ageret3
366 2297 439 2318 iustus
455 2302 511 2318 vero
528 2297 564 2318 vir
581 2300 603 2318 et
623 2298 754 2324 temperans
771 2298 805 2318 est
821 2301 866 2318 non
888 2296 926 2324 qui
950 2296 1005 2318 haec

161 2335 208 2363 agit
224 2337 323 2363 tantum,
346 2335 387 2357 sed
404 2335 443 2363 qui
465 2336 533 2357 etiam
555 2335 583 2357 ita
606 2335 663 2363 agit,
686 2337 711 2357 ut
731 2335 783 2357 iusti
808 2338 830 2357 et
852 2337 1006 2362 temperantes

161 2374 240 2396 solent.
252 2386 284 2390 —
294 2374 317 2395 ln
336 2373 440 2402 pluribus
457 2373 524 2396 codd.
538 2376 562 2396 ut
578 2373 620 2395 AF
631 2374 648 2395 G
658 2374 673 2395 S
683 2373 700 2395 T
712 2373 755 2395 YZ
773 2376 794 2395 et
809 2373 844 2395 ed.
863 2374 870 2395 l
893 2373 1005 2395 desidera-

161 2415 198 2435 tur
215 2412 282 2435 bona.
296 2413 347 2435 Vat.
367 2416 419 2441 post
435 2412 506 2442 prius
521 2413 625 2435 interlicit
641 2411 723 2441 etiam,
744 2418 789 2435 non
801 2412 872 2440 bene;
895 2415 917 2435 et
936 2412 1005 2440 paulo

162 2454 213 2474 ante
235 2457 278 2479 pro
295 2451 352 2481 qnia
373 2451 435 2474 enim
455 2457 505 2474 ‘non
527 2451 577 2473 cod.
604 2451 637 2479 X,
655 2452 740 2474 omisso
758 2450 827 2481 quia,
846 2451 937 2473 exhibet
957 2456 1005 2473 non

161 2489 230 2513 enim.

225 2526 233 2542 ⁴
250 2528 293 2550 Pro
311 2529 353 2550 hac
370 2529 479 2550 sententia
496 2535 509 2550 a
525 2528 549 2551 B.
567 2528 671 2557 Alberto,
689 2529 711 2551 S.
729 2528 744 2551 1.
762 2531 788 2550 tr.
807 2528 828 2550 8.
845 2535 866 2557 q.
886 2527 922 2550 34.
935 2534 965 2550 m.
985 2528 1005 2550 ’1.

163 2572 204 2588 nec
221 2572 266 2588 non
283 2573 295 2588 a
313 2567 334 2588 S.
353 2567 454 2595 Thoma,
472 2568 508 2589 hic
525 2574 547 2596 q.
569 2568 586 2589 l.
604 2574 624 2589 a.
642 2568 662 2589 2.
680 2568 760 2590 citatur
777 2567 798 2589 S.
816 2567 948 2595 Anselmus,
966 2567 1005 2595 qui

162 2606 185 2627 in
202 2605 253 2628 libr.
270 2605 299 2628 de
316 2606 417 2628 Process.
435 2606 509 2634 Spirit.
527 2606 548 2628 S.
567 2613 586 2629 c.
603 2606 625 2629 7.
642 2607 719 2634 docet⁷
737 2607 846 2634 Spiritum
859 2607 880 2628 S.
898 2612 942 2628 non
955 2612 1006 2634 pro-

163 2644 245 2666 cedere
262 2651 273 2666 a
291 2645 367 2673 Patre,
394 2646 447 2673 quia
472 2645 536 2667 Pater
563 2648 607 2674 est,
637 2645 677 2668 sed
703 2646 756 2674 quia
776 2646 837 2667 Deus
854 2648 893 2667 est.
916 2658 947 2662 —
963 2645 1006 2667 Pro

163 2682 233 2706 etiam
249 2682 335 2706 inesset
350 2683 417 2706 codd.
434 2684 450 2705 F
460 2684 477 2705 1·l
487 2684 502 2705 P
513 2684 531 2712 Q
541 2684 559 2706 T
577 2690 603 2706 aa
616 2684 648 2706 bb
661 2683 809 2713 conveniret,·
821 2684 856 2706 alil
873 2683 940 2706 codd.
953 2689 1006 2705 cum

164 2722 200 2744 ed.
215 2723 222 2744 l
244 2723 300 2745 haec
316 2722 388 2745 verba
405 2729 500 2750 prorsus
517 2723 629 2745 omittunt.

225 2761 235 2775 ⁵
252 2761 417 2788 Praeterwhanc
440 2762 563 2790 rationem⁷
589 2768 659 2791 quam
684 2762 749 2784 affert
764 2762 788 2784 B.
806 2761 925 2789 Albertus,
950 2761 972 2783 S.
991 2760 1005 2782 I.

164 2802 191 2822 tr.
209 2800 230 2822 8.
248 2806 270 2828 q.
288 2799 324 2822 34.
342 2806 372 2822 m.
391 2800 399 2822 ¹l
414 2818 419 2828 ‚
437 2800 498 2822 idem
523 2803 602 2823 auctor
627 2800 693 2822 aliam
714 2801 823 2828 proponit
843 2801 865 2822 in
882 2806 924 2822 suo
942 2799 1006 2822 Com-

164 2841 245 2866 ment,
263 2839 299 2860 hic
316 2845 335 2860 a.
354 2839 374 2861 ⁴2.
394 2838 489 2861 dicens:
507 2839 564 2862 Sunt
585 2842 660 2862 tamen
678 2839 773 2868 quidam
785 2840 824 2868 qui
842 2839 929 2866 dicunt,
942 2838 1007 2867 quod

165 2880 270 2905 generat,
288 2878 341 2906 quia
359 2877 508 2906 innascibilis,
526 2878 589 2906 quod
611 2879 643 2900 sic
660 2879 750 2907 quaerit
770 2879 870 2905 socium,
894 2878 930 2899 cui
947 2883 1006 2899 com-

165 2916 265 2938 municet
283 2916 374 2938 delicias
390 2922 451 2938 suas.
469 2916 514 2938 Sed
531 2917 573 2945 illi,
596 2917 659 2939 salva
681 2922 737 2944 pace
753 2922 845 2943 eorum,
864 2922 909 2938 non
931 2915 1007 2937 intelli-

165 2958 223 2983 gunt
239 2956 407 2984 quaestionem,
425 2956 488 2984 quia⁷
507 2962 560 2978 cnm
578 2957 706 2984 quaeritur⁷
724 2959 801 2979 utrum
819 2956 871 2984 quia
889 2955 954 2977 Pater
971 2954 1007 2976 vel

1061 2068 1073 2084 e
1091 2068 1215 2090 convorso,
1237 2062 1355 2090 quaeritur
1371 2061 1400 2083 de
1417 2060 1508 2084 ratione
1525 2062 1665 2089 generantis,
1683 2063 1708 2083 ut
1729 2063 1763 2083 est
1779 2067 1903 2089 generans,

1061 2103 1083 2123 et
1100 2106 1151 2128 non,
1169 2106 1244 2129 quare
1261 2102 1360 2128 generet.
1373 2112 1404 2116 -
1416 2100 1498 2122 Verbis
1515 2105 1530 2122 a
1546 2099 1670 2127 divisione,
1694 2105 1753 2128 quae
1773 2099 1904 2122 immediate

1061 2142 1199 2168 sequuntur,
1216 2139 1357 2167 significatur
1373 2139 1437 2161 locus
1448 2140 1497 2161 sive
1512 2139 1595 2161 modus
1607 2138 1793 2166 argumentandi,
1812 2138 1840 2161 de
1857 2144 1973 2169 qm

1061 2179 1101 2200 etr.
1118 2184 1188 2206 supra
1205 2184 1258 2206 pag.
1277 2177 1333 2206 420,
1351 2180 1403 2200 nota
1421 2177 1442 2199 5.

1123 2217 1133 2232 ⁶
1150 2217 1236 2245 Supple
1253 2223 1306 2239 cum
1327 2216 1378 2239 cod.
1401 2216 1432 2239 bb
1454 2217 1517 2239 sunt.
1534 2229 1565 2232 —
1580 2217 1630 2238 Mox
1652 2216 1701 2238 Vat.
1722 2218 1812 2243 praeter
1834 2215 1904 2238 fidem

1062 2255 1128 2278 codd.
1146 2258 1168 2277 et
1184 2255 1220 2277 ed.
1242 2256 1264 2283 t,
1282 2255 1368 2277 variata
1380 2255 1573 2282 interpunctione:
1590 2253 1727 2277 insistentes.
1744 2254 1771 2276 Iwz
1787 2253 1904 2277 creaturis

1061 2294 1123 2317 enim
1134 2295 1201 2318 actus
1213 2295 1252 2317 est.
1265 2294 1320 2316 Dein
1333 2293 1383 2316 cod.
1394 2294 1411 2315 T
1424 2299 1498 2317 causa
1515 2293 1635 2316 relationis
1646 2299 1688 2321 pro
1700 2292 1821 2315 relationis
1832 2292 1901 2320 ratio,

1061 2337 1083 2357 et
1108 2334 1177 2362 paulo
1201 2334 1295 2356 inferius
1312 2336 1364 2361 post
1379 2332 1443 2363 qztod
1459 2333 1530 2355 Pater
1546 2333 1650 2355 interlicit
1666 2332 1723 2355 ideo.
1741 2333 1844 2361 Denique
1862 2338 1904 2360 pro

1062 2372 1194 2396 conversim
1211 2372 1247 2395 ed.
1267 2373 1274 2394 l
1297 2372 1355 2395 bene
1373 2378 1520 2395 conversam.

1123 2412 1133 2426 ⁷
1150 2412 1172 2433 ln
1191 2412 1240 2434 Vat.
1259 2412 1341 2439 legitur
1358 2412 1402 2433 sic:
1420 2410 1484 2440 quod
1499 2410 1549 2433 ideo
1561 2409 1590 2433 sit
1607 2410 1689 2438 Pater,
1709 2409 1764 2440 quia
1775 2409 1850 2433 Filius
1866 2415 1905 2439 ye-

1061 2450 1165 2473 neretur.
1185 2449 1260 2472 Verba
1277 2449 1308 2472 sit
1323 2449 1394 2472 Pater
1411 2449 1577 2476 interpolatoris
1598 2454 1693 2476 operam
1714 2448 1805 2476 sapiunt
1821 2450 1843 2470 et
1858 2453 1904 2469 cor-

1062 2491 1173 2517 rumpunt
1193 2491 1285 2511 textum.
1306 2488 1363 2510 Nam
1380 2494 1456 2510 sermo
1478 2489 1512 2510 est
1534 2487 1562 2509 de
1587 2488 1732 2515 generatione
1756 2487 1858 2514 passiva⁷
1881 2486 1904 2508 in

1062 2535 1119 2557 qua,
1136 2528 1244 2550 omnibus
1261 2527 1467 2555 consentientibus,
1486 2529 1550 2549 actus
1562 2527 1681 2548 notionalis
1697 2526 1813 2554 praecedit
1827 2532 1904 2548 secun-

1063 2567 1119 2590 dum
1136 2568 1273 2589 intellectum
1291 2567 1352 2589 illam
1369 2567 1540 2594 proprietatem.
1558 2565 1602 2588 Csr.
1615 2565 1720 2587 Scholion
1733 2565 1801 2587 liuius
1818 2567 1903 2593 quaest.

1061 2607 1173 2629 —Paulo
1190 2607 1284 2628 interius
1300 2608 1353 2633 post
1369 2604 1412 2628 hoc
1429 2604 1496 2627 habet
1513 2604 1562 2626 cod.
1581 2605 1600 2626 K
1618 2605 1696 2626 inserit
1706 2603 1778 2626 verba
1795 2609 1810 2626 a
1826 2604 1903 2626 Patre.

1125 2644 1135 2659 3
1152 2645 1183 2666 De
1200 2650 1247 2673 quo
1264 2645 1303 2666 cfr.
1321 2644 1423 2671 Aristot..
1445 2643 1474 2665 de
1495 2643 1634 2665 Praedicam.
1656 2649 1674 2665 c.
1693 2642 1721 2665 de
1738 2642 1862 2665 Relatione.
1874 2654 1905 2658 —

1063 2684 1110 2706 Non
1128 2684 1199 2705 multo
1217 2686 1268 2711 post
1285 2683 1336 2705 cod.
1356 2683 1373 2704 T
1392 2685 1443 2710 post
1460 2682 1567 2704 voculam
1584 2681 1616 2704 ita
1634 2682 1715 2710 repetit
1730 2680 1857 2710 yeneratz'o.

1125 2722 1134 2735 ⁹
1151 2722 1173 2743 In
1191 2721 1297 2749 praeced.
1312 2724 1399 2749 quaest.

1126 2760 1145 2774 ¹⁰
1163 2760 1271 2787 Textum,
1289 2766 1359 2788 quem
1376 2766 1403 2782 ex
1420 2758 1549 2787 potioribus
1569 2764 1623 2781 mss.
1641 2759 1831 2786 restauravimus,
1853 2757 1904 2780 Vat.

1062 2799 1130 2821 valde
1147 2799 1276 2821 mutilatum
1293 2798 1391 2820 exhibet.
1415 2797 1504 2819 Omisso
1526 2797 1587 2819 enim
1605 2796 1667 2826 quod
1687 2800 1739 2824 post
1755 2802 1838 2819 verum
1857 2796 1902 2823 est,

1063 2840 1085 2860 et
1102 2840 1187 2860 mutata
1204 2837 1395 2865 interpunctione,
1413 2843 1425 2858 a
1443 2835 1521 2858 verbis
1536 2841 1627 2858 necesse
1644 2835 1677 2857 est
1700 2835 1787 2856 initium
1805 2835 1856 2856 tacit
1868 2840 1905 2856 no-

1063 2882 1106 2898 vae
1118 2876 1292 2903 propositionis,
1310 2875 1342 2897 sic
1361 2874 1534 2903 prosequendo:
1552 2874 1649 2896 Necesse
1664 2874 1698 2895 est
1713 2872 1786 2900 enirn,
1806 2873 1859 2895 (mle
1870 2878 1906 2901 qe-

1063 2913 1210 2937 nerationem
1226 2919 1275 2936 esse
1292 2913 1436 2942 hypostasim
1459 2912 1603 2940 {secundum
1625 2911 1741 2934 rationem
1763 2910 1906 2940 intelligendi

1065 2952 1168 2983 loquor).
1186 2952 1289 2975 Subinde
1307 2955 1358 2980 post
1375 2952 1466 2981 oportet
1481 2951 1548 2973 codd.
1565 2951 1582 2973 L
1594 2950 1612 2972 O
1629 2950 1716 2973 addunt
1733 2951 1841 2979 tempore.
