2215 3404
341 148 396 176 588

341 225 415 253 niam
439 225 523 261 igitur
547 225 571 252 in
594 224 696 253 divinis
719 224 882 260 intelligitur
913 232 973 253 esse
996 232 1062 253 vera
1092 224 1184 261 origo.

342 270 404 299 ideo
426 271 589 308 intelligitur
611 271 647 299 ibi
670 278 730 300 esse
752 278 818 299 vera
840 270 995 299 distinctio.
1011 287 1050 290 —
1065 271 1185 304 Rursus,

340 325 405 346 cum
420 317 551 354 intelligo,
573 318 681 346 Patrem
698 318 869 354 producere,
886 317 1023 353 intelligo,
1046 316 1137 353 ipsum
1157 324 1186 346 se

338 363 398 400 ipso
419 364 592 400 producere.
615 363 686 392 sieut
714 371 777 392 oum
811 363 946 399 intelligo,
969 363 1091 391 divinam
1124 363 1187 391 sub—

339 410 468 439 stantiam
490 418 591 447 agere,
614 406 749 446 intelligo,
772 410 861 447 ipsam
876 417 905 438 se
920 409 998 446 ipsa¹
1014 416 1106 445 agere,
1125 409 1184 446 pari

339 456 445 485 ratione
466 460 493 486 et
515 457 613 485 Filium
635 464 664 485 se
687 457 746 493 ipso
776 456 910 493 produci:
940 464 1007 492 ergo
1039 455 1187 492 productio

340 503 409 531 nihil
431 503 522 531 addit.
537 503 718 532 -Similiter
740 511 795 531 non
816 503 893 540 ponit
911 503 1034 539 aliquam
1050 502 1187 539 composi—

340 550 444 578 tionem
465 550 539 579 circa
561 550 668 578 Filium.
691 550 761 587 Ergo
783 557 847 578 eum
871 549 918 577 uhi
941 552 983 578 est
1005 557 1071 578 vera
1092 549 1185 586 origo,

340 596 377 625 ihi
399 597 434 625 sit
456 604 523 625 vera
544 596 703 630 distinctio,
725 600 753 625 et
773 596 852 633 origo
880 596 1045 633 intelligitur
1066 596 1104 624 ihi
1125 603 1185 625 esse

340 643 399 671 sine
420 643 587 677 additione,-
608 646 634 672 et
656 643 796 672 distinctio
817 643 876 671 sine
897 643 1046 671 ctdclitz‘one
1061 642 1187 679 intelligi-

340 693 387 718 tur
408 690 444 718 ibi
467 697 536 718 esse.

419 736 552 772 Quamvis
574 739 667 765 autem
690 744 808 773 persona
829 736 887 765 sive
920 744 964 765 res
986 740 1102 764 naturae
1131 744 1184 764 non

341 790 370 811 se
393 782 494 811 habeat
508 783 543 811 ad
559 786 688 811 naturam
705 790 755 820 per
770 782 966 816 additionem,
982 786 1073 811 tamen
1090 782 1187 810 nihilo—

340 829 433 858 minus
454 829 547 858 differt
569 829 724 858 secundum
746 829 909 862 rationevm
930 829 1054 865 alioquin
1077 837 1131 857 nou
1147 836 1187 858 es-

338 880 379 905 set
402 876 590 913 intelligibile,
613 877 688 914 quod
711 876 920 913 plurifiraretur
941 884 1073 913 persona,
1087 880 1186 904 natura

339 924 475 953 existente
497 924 587 952 unica.
613 924 774 953 Differentia
799 927 893 952 autem
923 923 1078 952 secundum
1108 923 1187 951 ratio-

338 978 402 999 nem
425 975 483 1005 est,
503 971 568 1008 quia
590 970 713 999 essentia
734 979 789 999 non
810 971 900 999 oritur
929 970 964 999 ab
992 970 1111 999 essentia
1136 977 1186 998 nec

339 1025 367 1045 se
390 1017 473 1046 habet
494 1018 529 1046 ad
551 1017 633 1045 aliam
656 1017 820 1050 essentiam;
843 1018 891 1046 sed
910 1025 1038 1054 persona
1054 1017 1124 1045 bene
1136 1016 1188 1044 ori-

338 1066 385 1092 tur
406 1072 422 1092 a
445 1071 563 1100 persona
583 1067 610 1092 et
631 1071 661 1092 se
682 1064 766 1092 habet
786 1064 821 1092 ad
848 1063 933 1091 illam.
950 1080 988 1083 -—
1000 1063 1033 1091 St·
1058 1066 1089 1091 tus
1104 1071 1187 1100 quae-

338 1119 391 1139 ras
404 1110 538 1139 rationem
551 1111 644 1144 huius,
658 1110 822 1147 respondeo.
835 1111 900 1147 quia
915 1110 1007 1138 unitas
1019 1114 1046 1138 et
1057 1109 1187 1138 nobilitas

338 1157 424 1186 divini
446 1164 506 1186 esse
529 1165 583 1185 non
604 1157 725 1185 admittit
746 1157 820 1185 cirea
841 1157 989 1186 essentiam
1010 1156 1187 1193 pluritieatio-

198 325 263 349 Quoad
276 330 327 344 coin-

206 348 324 372 positionem.

211 839 281 858 Tamen
299 841 327 857 est

219 862 325 881 differentia

222 891 259 904 sec.
269 886 325 904 ratio-

221 914 270 928 nem.

264 1120 324 1138 Ratio.

337 1212 415 1238 nem,
439 1204 511 1232 sicut
532 1204 606 1232 circa
628 1211 776 1240 personam
788 1215 795 1237 ‚2
817 1207 844 1232 et
866 1203 950 1232 huius
973 1204 1042 1232 ratio
1058 1203 1131 1232 dicta
1146 1206 1187 1232 est
1214 1211 1216 1227 ε

337 1259 433 1288 supra,
456 1250 631 1279 distinctione
652 1259 725 1279 nona
736 1251 753 1277 ·”.
776 1251 913 1287 Quoniam
936 1250 1020 1287 igitur
1038 1251 1139 1279 modus
1158 1258 1187 1279 se

339 1297 458 1325 habendi
482 1297 516 1325 ad
540 1297 627 1325 alium
649 1300 676 1325 et
697 1297 804 1325 oriendi
820 1297 855 1325 ah
871 1297 925 1325 alio
945 1305 998 1325 nou
1026 1297 1101 1333 ponit
1116 1305 1187 1325 rom-

338 1344 502 1380 positionem
526 1344 552 1371 in
574 1351 694 1380 persona
723 1344 877 1372 secundun]
911 1351 986 1378 rem,
1015 1343 1063 1372 sed
1093 1343 1187 1372 distin-

339 1390 457 1419 rtionem
482 1390 585 1419 realem
607 1390 642 1418 ah
671 1390 725 1419 alia
754 1398 884 1427 persona:
915 1390 977 1419 ideo
1009 1390 1109 1418 modus
1141 1390 1186 1419 ille

339 1439 517 1473 comparatus
538 1437 573 1465 ad
596 1437 743 1465 essentiam
767 1437 810 1465 vel
833 1444 1002 1474 personam,
1024 1436 1105 1465 cuius
1126 1441 1186 1468 est.

338 1483 443 1512 modu-s
465 1487 572 1511 tantum
595 1487 655 1517 est;
676 1487 856 1521 comparatus
879 1492 944 1512 vero
965 1484 998 1512 ad
1030 1484 1125 1517 illum,
1151 1484 1186 1512 ad

340 1539 424 1568 quem
446 1534 503 1565 est,
526 1538 589 1559 cun]
613 1531 695 1559 faciat
716 1531 920 1559 distinctionem
944 1530 1098 1559 secundum
1118 1538 1186 1559 rem.

341 1586 405 1606 vere
427 1587 474 1606 res
496 1580 556 1612 θεῖς
578 1581 605 1606 et
626 1578 663 1605 ita
686 1586 741 1606 uno
764 1578 846 1606 modo
867 1578 931 1605 facit
946 1577 1059 1606 differre
1074 1586 1117 1610 re,
1133 1577 1187 1605 alio

340 1626 423 1654 modo
445 1625 566 1654 ratione.
588 1625 653 1654 Hinc
675 1628 732 1659 est,
755 1625 829 1662 quod
852 1625 981 1662 quamvis
998 1633 1053 1653 una
1068 1633 1185 1662 persona

340 1681 393 1701 non
415 1673 448 1701 sit
470 1673 536 1707 alia,
559 1676 651 1701 tamen
674 1681 720 1701 res
741 1676 870 1701 naturae
891 1676 932 1701 est
957 1676 1079 1701 *tutatio-ct.
1112 1673 1187 1701 Patet

340 1719 439 1756 igitur.
462 1719 537 1756 quod
567 1719 618 1748 ista
639 1722 704 1747 sunt
730 1718 949 1755 compossibilia,
972 1719 1045 1756 quod
1068 1727 1187 1755 persona

340 1766 374 1795 sit
395 1766 515 1803 simplex
538 1769 564 1794 et
585 1766 654 1794 nihil
675 1766 760 1794 addat
781 1773 868 1803 supra
889 1769 1037 1799 naturam,
1060 1773 1110 1794 nec
1138 1765 1187 1794 dis-

341 1814 430 1842 serant
451 1813 503 1841 nisi
525 1813 646 1846 1·atione;
668 1816 695 1841 et
719 1816 809 1841 tamen
840 1813 906 1841 haec
935 1816 977 1841 est
1002 1813 1187 1841 communica-

342 1860 417 1889 bilis.
441 1860 544 1889 scilicet
566 1863 681 1892 natura,
705 1859 751 1888 illa
773 1859 1059 1888 incomnumicabilis.
1082 1859 1187 1888 scilicet

342 1915 477 1944 persona,
499 1907 567 1935 haee
589 1906 734 1941 distincta,
757 1906 803 1934 illa
825 1906 992 1935 indistincta.

419 1954 616 1983 Concedendae
648 1953 733 1991 igitur
765 1956 830 1982 sunt
866 1953 987 1981 rationes
1019 1953 1187 1990 probantes,

339 2001 412 2038 quod
436 2009 554 2038 persona
576 2001 633 2029 sive
656 2008 700 2029 res
721 2004 839 2029 naturae
865 2000 932 2028 nihil
963 2000 1075 2028 omnino
1103 2000 1187 2029 addat

340 2048 494 2077 secundum
517 2055 576 2075 rem
599 2055 684 2084 supra
706 2051 845 2075 naturam.

424 2096 443 2123 t.
461 2096 485 2123 12.
502 2095 540 2123 Ad
557 2094 623 2123 illud
641 2094 715 2131 quod
731 2094 873 2128 obiicitur,
895 2094 970 2130 quod
986 2093 1063 2121 aliud
1083 2096 1124 2121 est
1143 2100 1187 2121 res

210 2150 281 2181 soatio
295 2155 327 2173 01>-
339 2146 470 2175 naturae.
486 2141 563 2170 aliud
579 2145 692 2175 natura,
708 2144 734 2169 et
749 2140 876 2169 similiter
891 2140 974 2168 aliam
990 2139 1093 2168 habent
1108 2140 1188 2167 ratio-

211 2175 321 2196 ¹³⁰³¹²⁰H¹⁰L
340 2197 403 2218 nem
425 2196 544 2225 persona
565 2191 591 2216 et
613 2191 729 2221 natura3
751 2190 841 2224 potest
866 2186 937 2218 dici,
959 2186 1033 2223 quod
1056 2186 1188 2214 Boethius

342 2240 368 2265 et
384 2235 503 2264 Hilarius
519 2235 673 2271 loquuntur
685 2234 762 2262 —in
778 2234 923 2262 creaturis.
939 2234 965 2261 Si
981 2237 1073 2261 autern
1092 2233 1189 2261 intelli·
1215 2225 1217 2262 i

342 2291 442 2320 gamus
464 2283 490 2310 in
513 2282 576 2315 Deo,
607 2285 672 2309 tune
700 2281 841 2315 dicemus,
864 2280 939 2317 quod
968 2283 1009 2308 est
1040 2280 1188 2308 diversitas

341 2330 467 2359 rationis,
490 2337 561 2366 quae
583 2328 717 2356 fundatur
738 2336 792 2356 non
820 2335 905 2364 super
934 2327 1108 2358 ahsolutum,
1138 2326 1186 2355 sed

407 2616 412 2629 ¹
431 2616 563 2643 Non—pauci
581 2622 593 2637 e
612 2614 776 2637 vetustioribus
794 2614 861 2636 codd⁴
881 2620 922 2636 nec
940 2620 983 2635 non
997 2613 1033 2635 ed.
1056 2614 1060 2635 Ι
1083 2614 1189 2635 omittunt

342 2655 419 2685 ipsam
436 2661 460 2678 se
477 2655 542 2684 ἱρείη
561 2654 612 2677 cod.
630 2654 651 2676 X
669 2657 721 2682 post
738 2653 814 2683 ipsunt
831 2654 936 2675 interficit
952 2659 1001 2675 esse
1018 2653 1045 2675 el.

406 2694 415 2708 ‘2
432 2695 522 2722 Quaest.
544 2694 562 2715 t.
581 2698 602 2716 et
621 2694 641 2715 2.

405 2734 414 2747 ³³
432 2733 503 2760 Codd.
532 2733 591 2755 WX
618 2738 690 2761 super
714 2733 858 2761 respectzmz,
885 2731 942 2760 qm)-
970 2731 1037 2753 codd.
1064 2731 1081 2752 Α
1093 2731 1111 2752 V
1129 2736 1189 2759 quae

344 2773 450 2801 (retertur
467 2773 495 2794 ad
513 2772 584 2794 verba
602 2772 761 2800 praecedentia
779 2770 903 2794 [le'versz'tus
919 2770 1050 2798 rotimus),-
1067 2770 1103 2792 alii
1121 2769 1188 2791 codd.

345 2818 390 2834 non
413 2813 480 2839 pauci
507 2818 560 2833 cum
583 2811 635 2833 edd.
664 2811 684 2838 l⁷
712 2811 736 2837 2,
761 2810 773 2831 :3
797 2811 922 2837 incongrue
945 2809 992 2838 qui.
1011 2809 1061 2831 Mox
1079 2812 1131 2836 post
1147 2814 1189 2831 net·

345 2852 422 2873 tamen
441 2850 491 2872 cod.
510 2851 539 2871 W
557 2851 638 2878 repetit
654 2855 763 2878 persona.

409 2890 415 2903 *¹
434 2889 478 2911 Cir.
496 2896 565 2917 supra
585 2890 606 2911 d.
625 2890 645 2911 8.
664 2896 686 2917 p.
706 2889 728 2910 ll.
747 2895 768 2917 q.
791 2889 808 2910 l.
826 2888 854 2909 ad
877 2889 893 2909 1.

414 2934 416 2937 ·
436 2929 520 2950 Eodem
540 2930 585 2950 turo
608 2929 677 2950 modo
695 2928 791 2950 solvitur
816 2928 871 2949 haec
895 2927 1015 2949 ditiicultas
1040 2932 1109 2953 supra
1128 2925 1150 2947 d.
1169 2925 1189 2947 8.

1214 1321 1216 1338 ἶ
1245 1297 1397 1333 propositio
1419 1297 1453 1325 de
1475 1297 1572 1326 eodem
1588 1305 1618 1326 re
1634 1301 1661 1326 et
1682 1297 1806 1331 ratione;
1822 1300 1849 1326 et
1863 1305 1983 1334 persona
1998 1297 2092 1334 aliquo

1030 146 1281 175 SENTENTIARUM
1303 146 1361 174 LlB.
1384 147 1400 175 1.

1243 231 1328 261 super
1350 225 1552 262 respectivum,
1574 225 1671 262 quod³
1694 225 1799 253 nullam
1822 225 1927 254 inducit
1956 227 2088 263 composi·
2203 228 2215 259 ‘t

1244 270 1354 299 tionem.
1377 271 1444 300 Nam
1466 272 1584 301 essentia
1606 280 1659 301 non
1686 272 1822 306 refertur,
1848 280 1967 309 persona
1994 276 2086 301 autem

1243 317 1365 346 refertur
1386 321 1413 346 et
1433 319 1539 353 oritur,
1561 326 1612 347 nec
1638 321 1729 347 tamen
1758 321 1799 347 est
1830 319 1997 356 composita,
2023 319 2088 356 quia

1246 363 1306 400 ipsa
1327 366 1369 392 est
1390 372 1460 393 suus
1481 367 1633 402 respectus.
2213 377 2215 398 t

1324 410 1350 439 3.
1372 411 1409 439 Ad
1433 411 1501 440 illud
1525 411 1599 448 quod
1622 411 1760 446 obiicitur,
1781 412 1856 448 quod
1872 412 2026 449 simplicius
2046 415 2088 441 est
2213 414 2215 417 '

1244 457 1318 493 quod
1342 457 1368 485 in
1390 457 1520 494 pluribus
1542 458 1695 494 reperitur3
1717 458 1884 493 dicendum,
1909 459 1984 496 quod
2013 467 2088 496 repe-

1244 502 1294 531 riri
1317 503 1344 531 in
1365 503 1514 541 pluribus,
1537 504 1589 533 hoc
1610 508 1652 533 est
1677 504 1841 541 dupliciter:
1870 508 1920 534 aut
1946 505 1984 534 ita
2012 506 2086 543 quod
2102 511 2214 536 Distinctioi

1245 557 1332 578 unum
1356 550 1468 579 illorum
1491 550 1593 580 alicubi
1614 554 1705 588 potest
1720 559 1795 586 esse,
1817 551 1864 580 ubi
1887 560 1940 580 non
1963 554 2004 581 est
2024 552 2089 581 alte-

1244 604 1324 631 rum,
1346 600 1378 625 ut
1404 597 1487 626 homo
1508 600 1549 626 est
1579 598 1606 626 in
1634 597 1765 635 pluribus
1792 598 1968 633 hominibus,
1996 602 2022 627 et
2050 599 2088 627 sic
2173 597 2176 600 ⁴
2210 580 2215 638 J

1248 643 1332 672 habet
1353 644 1505 681 propositio
1521 644 1680 679 veritatem3
1695 647 1744 673 aut
1758 644 1796 673 ita
1811 644 1837 673 in
1853 644 1998 682 pluribus,
2013 645 2089 682 quod
2210 642 2212 658 ¹

1243 697 1332 718 unum
1353 698 1406 719 non
1423 693 1465 719 est
1480 691 1538 719 sine
1553 691 1616 721 alio.
1631 694 1658 720 et
1672 691 1711 720 sic
1726 695 1767 719 est
1790 691 1815 720 in
1832 692 1958 728 personis
1971 709 2010 712 -
2024 699 2087 720 nam
2210 683 2211 687 ¹

1243 744 1299 765 una
1320 745 1374 765 non
1396 740 1438 766 est
1460 737 1518 766 sine
1539 737 1594 766 alia.
1607 754 1646 757 -—
1660 742 1687 766 et
1708 738 1747 766 sic
1768 746 1822 766 non
1837 738 1922 767 habet
1937 738 2088 766 veritatem.

1244 782 1312 811 Nam
1334 783 1406 812 sicut
1427 786 1528 812 natura
1549 787 1590 813 est
1612 792 1724 821 semper
1745 787 1772 813 et
1792 784 1911 821 ubique>
1932 784 1969 813 ita
1991 788 2018 813 et
2031 792 2091 821 per-

1244 837 1327 865 sona;
1349 833 1376 859 et
1391 830 1430 859 sic
1452 834 1539 867 patet,
1551 831 1624 868 quod
1642 831 1710 859 nihil
1726 831 1819 866 addit,
1834 839 1851 860 a
1865 840 1921 869 quo
1942 834 2065 860 arctetur
2073 831 2089 859 ⁴.

1323 877 1348 905 [ι.
1371 877 1410 906 Ad
1432 877 1503 906 illud
1525 877 1598 915 quod
1621 878 1767 912 obiicitur,
1798 878 1872 915 quod
1906 878 2019 907 maioris
2049 882 2089 907 est

1244 922 1439 952 abstractionis
1460 927 1531 958 etc..;
1553 924 1719 958 dicendum,
1741 924 1814 961 quod
1838 924 1908 953 illud
1933 924 2017 953 habet
2047 932 2091 954 ve-

1248 969 1358 997 ritatem
1380 970 1428 998 ubi
1450 970 1529 1005 illud,
1552 979 1567 998 a
1600 979 1656 1007 quo
1678 971 1861 1005 abstrahitur,
1883 971 2005 1008 aliquam
2027 971 2091 1000 facit

1248 1016 1476 1053 compositionem
1493 1025 1556 1045 cum
1572 1025 1604 1046 eo
1619 1017 1694 1054 quod
1716 1017 1921 1052 abstrahitur⁵3
1943 1018 1981 1046 sic
1996 1020 2090 1047 autem

1244 1070 1299 1090 nou
1321 1066 1362 1091 est
1383 1063 1410 1091 in
1432 1064 1497 1092 Deo.
2207 1081 2209 1097 l

1324 1111 1349 1137 55.
1372 1110 1409 1138 Ad
1431 1110 1501 1139 illud
1523 1110 1598 1147 quod
1619 1111 1758 1145 obiicitur,
1787 1111 1862 1148 quod
1891 1111 2039 1140 affirmatio
2064 1114 2090 1141 et

1246 1156 1356 1193 negatio
1378 1165 1431 1185 non
1455 1160 1496 1185 est
1518 1157 1602 1186 simul
1631 1165 1698 1186 vera
1719 1158 1753 1186 de
1781 1158 1896 1190 eodem;
1921 1158 2090 1193 dicendum,
2207 1191 2208 1205 χ

1244 1203 1318 1240 quod
1340 1203 1598 1240 quantulacumque
1620 1204 1776 1232 differentia
1797 1204 1911 1233 rationis
1932 1204 2033 1233 sufficit
2054 1205 2090 1233 ad
2104 1210 2208 1247 Notaurlui¹

1243 1249 1458 1278 affirmationem
1480 1252 1507 1278 et
1528 1250 1701 1287 negationem
1713 1250 1730 1278 ⁶.
1754 1250 1830 1279 Unde
1851 1250 2030 1287 intelligenda
2048 1253 2090 1279 est
2207 1258 2208 1263 ¹

1244 1343 1327 1371 inodo
1349 1343 1442 1372 differt
1463 1352 1479 1372 a
1511 1347 1631 1377 natura,
1661 1344 1723 1373 licet
1756 1352 1808 1372 non
1841 1352 1891 1381 per
1922 1344 2090 1373 additionem

1244 1390 1356 1418 realem.

1324 1438 1349 1465 6.
1371 1438 1410 1466 Ad
1432 1437 1500 1466 illud
1524 1438 1598 1475 quod
1625 1438 1764 1472 obiicitur,
1793 1438 1868 1475 quod
1897 1446 2091 1476 quaecumque

1245 1487 1310 1512 sunt
1331 1484 1428 1512 eadem
1452 1485 1500 1512 uni
1522 1488 1549 1513 et
1570 1485 1675 1513 eidem.
1696 1485 1768 1513 inter
1790 1492 1820 1513 se
1835 1488 1900 1513 sunt
1914 1485 2011 1513 eadem
2027 1489 2092 1515 ete:

1244 1531 1410 1565 dicendum,
1433 1532 1508 1568 quod
1531 1531 1601 1560 illud
1633 1531 1718 1565 fallit,
1750 1531 1798 1560 ubi
1830 1535 1872 1560 est
1903 1531 2092 1560 convenientia

1243 1577 1368 1614 plurium
1390 1581 1523 1615 tanquam
1547 1578 1573 1606 in
1595 1578 1753 1613 communi,
1775 1581 1806 1607 ut
1827 1578 2048 1607 differentiarum
2064 1579 2091 1607 in

1244 1632 1353 1661 genere.
1377 1625 1455 1653 Fallit
1477 1625 1574 1659 etiam,
1596 1625 1644 1653 ubi
1666 1625 1760 1662 aliqua
1781 1625 1865 1662 plura
1880 1625 2091 1662 distinguuntur

1243 1680 1292 1708 per
1314 1680 1380 1700 suas
1401 1672 1538 1709 origines,
1560 1676 1592 1701 ut
1614 1672 1684 1701 radii
1708 1672 1885 1701 diversarum
1902 1672 2047 1701 stellarum
2064 1672 2090 1701 in

1243 1726 1300 1746 uno
1313 1721 1415 1755 puncto
1426 1718 1500 1747 aeris
1511 1718 1658 1752 uniuntur,
1671 1721 1697 1747 et
1711 1721 1800 1747 tamen
1813 1718 1847 1747 ad
1864 1718 1982 1747 invicem
1998 1718 2092 1747 distin-

1244 1768 1378 1801 guuntur.
1401 1764 1536 1800 Quoniam
1559 1764 1644 1801 igitur
1666 1764 1777 1793 divinae
1795 1769 1934 1801 'personae
1949 1765 1976 1792 in
1991 1767 2091 1793 natura

1245 1811 1414 1840 conveniunt
1430 1814 1561 1848 tanquam
1578 1811 1604 1839 in
1620 1819 1676 1839 uno
1699 1811 1856 1844 communi,
1879 1814 1906 1840 et
1927 1812 2092 1848 praeterea⁷

1245 1859 1457 1895 distinguuntur
1479 1858 1514 1886 ad
1538 1858 1655 1887 invicem
1677 1866 1727 1895 per
1740 1855 1902 1895 'originemg
1918 1858 1980 1887 ideo
1994 1863 2092 1895 patens

1247 1909 1297 1939 est,
1314 1905 1387 1942 quod
1404 1913 1457 1933 non
1474 1905 1555 1933 valet.
1568 1922 1607 1925 ——
1618 1905 1709 1933 Potest
1723 1908 1814 1933 tamen
1831 1905 1893 1939 dici,
1908 1905 1983 1942 quod
1995 1905 2092 1942 regula

1244 1952 1349 1988 ubique
1372 1960 1438 1995 uera
1462 1956 1518 1986 est,
1542 1952 1562 1980 si
1586 1959 1651 1980 sane
1673 1951 1854 1988 intelligatur.
1877 1951 1990 1988 Propter
2016 1952 2090 1989 quod

1244 1999 1414 2033 notandum,
1436 1999 1510 2036 quod
1532 1999 1670 2036 quaedam
1693 2001 1758 2027 sunt
1779 1998 1930 2032 absoluta,
1952 1999 2089 2035 quaedam

1244 2046 1412 2083 respectiva.
1435 2046 1587 2074 Diversitas
1607 2049 1700 2073 autem
1718 2045 1744 2073 in
1766 2045 1932 2082 respecth's
1947 2045 2021 2074 venit
2036 2054 2089 2074 non

1245 2096 1354 2121 tantum
1377 2101 1390 2120 a
1414 2095 1493 2129 parte
1515 2092 1648 2126 subiecti,
1670 2100 1770 2120 verum
1793 2092 1875 2120 etiam
1898 2092 2042 2126 termini&
2065 2092 2091 2120 in

1244 2140 1289 2168 his
1303 2148 1357 2168 non
1380 2143 1454 2168 tenet
1476 2139 1592 2176 regula,
1614 2139 1666 2167 nisi
1688 2138 1859 2175 intelligatur
1874 2139 1909 2167 ad
1925 2138 2007 2167 idem.
2023 2139 2092 2175 Quo-

1245 2187 1319 2215 niam
1341 2195 1407 2223 ergo
1423 2194 1558 2223 personae
1580 2193 1630 2222 per
1645 2194 1711 2215 suas
1725 2186 1910 2223 proprietates
1922 2186 2091 2220 referuntur,

1245 2233 1373 2270 quamvis
1394 2241 1487 2260 mazam
1509 2233 1563 2261 sint
1580 2233 1606 2260 in
1622 2235 1740 2266 natura,
1763 2232 1828 2269 quia
1845 2235 1936 2260 tamen
1951 2240 2004 2260 non
2027 2236 2091 2261 sunt

2105 1911 2171 1929 Aliter.

1215 2284 1217 2296 ³
1244 2279 1285 2308 acl
1308 2288 1416 2312 unum,
1440 2279 1501 2307 ideo
1524 2287 1578 2307 non
1601 2279 1737 2315 sequitur,
1759 2279 1833 2315 quod
1866 2278 1920 2307 sint
1949 2278 2031 2307 idem.
2061 2279 2091 2307 Et

1216 2612 1219 2785 l

1245 2326 1282 2355 sic
1306 2329 1380 2363 patet
1402 2326 1482 2354 illud.

1247 2619 1269 2640 p.
1288 2613 1310 2634 ll.
1328 2619 1350 2640 q.
1373 2612 1389 2633 1.
1408 2611 1437 2633 ad
1459 2611 1480 2639 l;
1498 2611 1539 2633 scd
1557 2610 1662 2633 diffusius
1680 2611 1784 2639 quaestio
1803 2612 1910 2632 tractatur
1927 2615 1996 2637 supra
2014 2609 2036 2632 d.
2055 2609 2091 2632 27.

1247 2658 1270 2679 p.
1289 2651 1302 2673 l.
1321 2658 1343 2679 q.
1362 2651 1383 2672 3.

1311 2690 1320 2704 θ
1338 2690 1436 2717 Aristot.7
1455 2689 1469 2711 l.
1488 2689 1567 2716 Topic.
1587 2695 1605 2711 c.
1628 2688 1660 2710 14.
1688 2688 1716 2715 (c.
1736 2689 1797 2711 ν16.);
1815 2688 1957 2710 invenientes
1974 2688 2034 2710 enim
2053 2687 2091 2710 dit-

1246 2729 1365 2751 serentium
1393 2728 1565 2756 propositorum
1593 2727 1725 2756 quamlibet,
1744 2727 1889 2749 ostendentes
1914 2727 2012 2754 orimus,
2037 2732 2092 2755 quo-

1247 2769 1307 2790 niam
1326 2774 1370 2790 non
1389 2768 1457 2789 idem.

1309 2807 1319 2821 ⁷
1339 2808 1380 2829 Pro
1395 2807 1520 2835 praeterea
1538 2806 1616 2833 plures
1634 2805 1701 2828 codd.
1720 2811 1773 2827 cum
1792 2806 1841 2827 Vat.
1858 2810 1980 2834 personae.

1312 2846 1322 2860 ⁵
1340 2846 1371 2868 Ex
1388 2846 1439 2867 cod.
1458 2845 1463 2866 Ι
1483 2844 1511 2873 (T
1538 2846 1559 2866 in
1586 2848 1669 2872 marg.)
1697 2848 1717 2866 rt
1735 2844 1771 2866 cd.
1794 2845 1798 2865 l
1821 2845 1961 2866 restituimus
1980 2842 2088 2869 termini,

1248 2892 1290 2913 pro
1309 2891 1355 2913 quo
1374 2885 1410 2906 alii
1427 2884 1494 2906 codd.
1516 2883 1561 2911 rei,
1581 2883 1630 2905 Vat.
1649 2886 1724 2905 nutem
1738 2888 1790 2904 rum
1804 2882 1853 2904 rod.
1873 2888 1898 2904 cr
1916 2881 1957 2909 rei,
1976 2880 2008 2904 ad
2019 2886 2091 2910 quum

1248 2924 1393 2951 referuntur.
