2215 3404
10 562 97 581 Hilarius.

1 901 69 925 tenzest
77 899 97 917 in

1 924 69 941 eatuns
74 928 95 941 ac

8 1462 36 1475 um
44 1457 94 1475 Hila-

824 137 1012 165 DlSTlNCTlO
1033 137 1145 165 XXXIV.
1801 143 1857 172 583

114 214 231 241 cundum
254 214 332 241 illud:
361 215 416 249 Eyo
445 218 468 240 el
496 214 577 240 Paler
605 221 693 240 mium
719 221 822 239 sumus.
848 213 876 239 In
905 220 958 247 quo

114 257 193 284 docet
211 257 330 288 Veritas,
350 257 478 283 unitatem
498 264 556 283 esse
576 259 695 287 naturae,
715 263 766 282 non
786 255 957 282 solitudinem

0 307 102 326 *ncluditun
114 300 219 327 unionis
231 300 238 312 ¹
251 300 409 332 ».-Eece‚
429 300 450 325 si
470 300 537 325 haec
557 299 639 326 verba
659 299 799 332 diligenter
819 298 956 329 attendas,

113 343 230 373 invenis,
250 342 379 376 Spiritum
398 345 520 368 sanctum
540 349 597 367 rem
616 345 731 367 natm-ae
751 341 804 367 dici
824 341 908 367 Patris
932 345 957 366 et

113 384 186 415 Filii,
207 386 232 410 et
251 384 364 410 eundem
385 383 439 409 (lici
458 391 516 410 esse
535 387 665 410 maturam
684 384 745 415 Dei,
764 383 811 409 ubi
840 383 955 409 dieitur:

112 431 161 460 per
180 430 301 453 naturam
321 426 368 452 Dei
388 429 482 452 natura
502 426 560 460 ipsa
579 426 683 452 habitat
703 426 727 451 in
748 425 839 457 nobis,
859 425 881 451 si
907 432 955 459 per

112 469 240 503 Spiritum
260 472 382 496 sanctum
401 468 523 495 Christus
542 471 582 495 est
600 469 626 494 111
646 468 731 494 nohis.
751 468 843 502 ltaque
857 468 883 493 in
902 468 956 493 Tri-

112 512 193 538 nitate
212 519 264 538 non
285 512 320 537 ita
340 511 556 545 distinguendum
569 514 609 537 est
629 511 696 537 inter
709 514 839 537 naturam
859 513 884 537 et
897 518 952 536 rem

111 558 239 585 naturae,
259 555 328 581 sieut
348 555 373 580 in
392 554 474 580 rebus
487 554 598 585 creatis,
613 554 691 588 quia,
711 557 738 580 ut
754 554 790 580 ait
804 554 953 580 Hilarius²z

115 598 299 632 «comparatio
321 600 486 623 terrenorum
506 597 539 623 ad
558 597 643 623 Deum
663 597 735 623 nulla
754 600 807 629 est;
827 599 852 623 et
865 597 885 622 si
901 604 954 631 qua

111 640 340 674 comparationum
361 639 485 673 exempla
504 639 637 666 interdum
651 640 811 672 afferuntur,
832 647 908 666 nemo
923 647 954 666 ea

111 682 242 708 existimet
275 682 397 708 absolute
423 682 448 707 in
478 689 506 708 se
533 682 646 708 rationis
673 682 863 716 perfectionem
894 689 955 708 con-

110 725 193 752 tinere
208 736 231 750 ».
256 736 266 747 «
280 724 338 751 Non
358 725 428 751 enim
452 725 569 751 humano
595 732 673 751 sensu
704 724 737 751 de
765 725 820 751 Deo
844 724 954 758 loquen-

110 768 173 795 dum
194 771 233 794 est
246 780 270 794 n.

180 811 219 837 Ad
240 814 361 837 naturam
377 818 439 844 ergo
459 818 548 837 rerum
569 814 720 837 creatarum
744 811 891 845 respiciens
916 811 954 837 in-

110 853 204 888 quit³z
225 853 311 879 «Non
340 853 411 879 idem
437 856 477 879 est
504 856 598 879 natura
627 852 699 887 quod
728 860 770 879 res
798 856 953 885 naturae»,

109 896 255 923 subiiciens
275 896 398 929 exempla
418 896 451 921 de
471 895 536 929 ipsis
556 895 695 921 creaturis.
715 895 778 921 Inde
797 895 953 928 ostendens,

108 946 224 966 errorem
240 946 310 970 esse,
323 939 374 965 sub
394 946 519 965 mensura
538 941 722 965 creaturarum
740 939 825 965 metiri
847 939 954 966 Creato-

109 989 179 1013 rem,
199 981 284 1008 addit:
305 982 337 1007 Et
357 981 506 1007 secundum
526 981 577 1007 hoc
596 992 606 1004 «
621 988 672 1007 non
702 981 773 1007 idem
800 985 839 1008 est
867 982 952 1012 Deus,

109 1026 134 1049 et
152 1023 225 1057 quod
244 1023 291 1049 Dei
311 1026 385 1054 est»,
405 1030 436 1049 ac
456 1023 477 1049 si
498 1023 616 1050 diceret:
636 1024 657 1049 si
678 1024 711 1050 ad
742 1024 824 1050 instar
852 1028 954 1051 creatu-

108 1073 198 1092 rarum
222 1066 256 1092 de
284 1065 409 1092 Creatore
438 1066 534 1097 sentis,
560 1066 664 1099 cogeris
692 1066 782 1099 fateri,
811 1067 874 1101 quia
901 1075 952 1094 non

108 1109 179 1136 idem
199 1112 239 1136 est
256 1109 327 1135 Deus
346 1111 371 1135 et
390 1108 461 1143 quod
482 1109 528 1135 Dei
549 1112 601 1139 est;
623 1109 695 1143 quod
722 1109 813 1136 dicere
840 1110 951 1144 impium

108 1155 161 1184 est,
181 1159 242 1178 cum
262 1152 377 1186 Spiritus
396 1152 443 1177 Dei
463 1152 533 1178 Deus
552 1152 598 1184 sit,
612 1155 638 1178 et
652 1152 698 1178 Dei
718 1152 801 1178 Filius
821 1153 854 1179 sit
874 1153 951 1180 Deus.

177 1195 234 1221 Non
249 1202 311 1228 ergo
325 1195 472 1221 secundum
487 1195 641 1229 corporales
655 1195 762 1227 modos,
776 1199 805 1222 ut
819 1197 843 1222 in
859 1197 951 1223 eadem

106 1238 175 1265 serie
194 1238 298 1269 subdit,
318 1238 476 1271 accipienda
496 1241 557 1264 sunt
575 1238 642 1264 haec
663 1246 732 1272 quae
745 1238 778 1265 de
793 1239 847 1265 Deo
861 1239 952 1266 dicun-

108 1283 157 1307 tur.
177 1280 227 1306 Ubi
257 1287 390 1306 evacuans
419 1280 572 1314 opinionem
600 1287 691 1307 eorum
721 1282 765 1315 qui
794 1282 828 1308 ita
857 1285 952 1316 putant

107 1323 178 1350 aliud
205 1331 258 1349 esse
283 1323 392 1353 Deum,
417 1326 442 1349 et
468 1323 541 1349 aliud
566 1323 638 1358 quod
666 1323 717 1350 Dei
741 1328 794 1355 esc,
824 1325 951 1360 aliudque

106 1370 235 1392 naturam
249 1366 294 1392 Dei
309 1368 335 1392 et
347 1373 404 1391 rem
418 1369 549 1396 natm-ae,
564 1369 593 1392 ut
607 1369 646 1392 est
660 1366 685 1392 in
700 1368 838 1399 creaturis,
859 1371 950 1402 aperte

106 1409 196 1440 docet,
216 1416 268 1435 non
288 1408 361 1434 aliud
381 1416 438 1435 esse.
459 1408 563 1434 Deum⁴
592 1412 618 1435 et
637 1417 706 1443 quae
735 1417 783 1436 sua
811 1413 885 1442 sunt,
916 1411 950 1437 ita

106 1454 135 1478 ut
148 1451 228 1477 insint.
242 1451 291 1482 illi,
311 1451 350 1477 sic
364 1451 456 1477 dicens
469 1451 492 1476 ⁵:
512 1462 523 1474 «
536 1452 620 1477 Homo
635 1455 681 1478 aut
695 1453 795 1486 aliquid
811 1453 834 1479 ei
848 1453 949 1484 simile,

107 1502 169 1521 cum
189 1494 288 1521 alicubi
308 1495 369 1525 erit,
389 1494 452 1520 alibi
483 1502 534 1520 non
555 1495 618 1527 erit,
645 1495 708 1529 quia
740 1496 764 1521 id
792 1496 862 1529 quod
893 1500 950 1528 est,

108 1538 162 1564 illic
181 1538 341 1570 continetur,
361 1538 406 1564 uhi
427 1538 506 1564 fuerit
526 1538 551 1563 iu
571 1538 667 1569 forma,
688 1542 716 1564 ut
736 1547 787 1565 non
803 1539 902 1573 ubique
917 1540 948 1566 sit

107 1581 153 1615 qui
173 1581 297 1607 insistens
316 1581 414 1607 alicubi
435 1581 476 1607 sit.
497 1581 567 1607 Deus
586 1585 675 1608 autem
702 1582 847 1609 immensae.
871 1583 949 1608 virtu-

108 1625 155 1655 tis,
174 1624 267 1650 vivens
285 1626 418 1658 potestas,
438 1631 507 1657 quae
521 1631 653 1658 nusquam
667 1632 718 1651 non
733 1625 802 1651 adsit
815 1633 864 1652 nec
882 1625 950 1652 desit

108 1674 229 1701 usquam,
248 1675 275 1693 se
294 1674 397 1692 omnem
419 1674 467 1700 per
486 1674 536 1693 sua
556 1667 664 1698 edocet,
684 1671 709 1694 et
727 1676 777 1695 sna
806 1676 856 1695 non
878 1669 948 1696 aliud

108 1717 187 1744 quam
207 1717 233 1735 se
253 1716 311 1736 esse
330 1709 478 1742 significat,
500 1713 527 1736 ut
546 1710 591 1736 ubi
612 1718 662 1736 sua
688 1710 785 1742 insint,
812 1711 866 1746 ipse
893 1719 949 1738 esse

104 1760 155 1787 per
173 1760 223 1779 sua
242 1752 411 1785 intelligatur.
430 1752 488 1778 Non
509 1756 596 1779 autem
623 1754 757 1787 corporali
777 1754 868 1786 modo,
889 1763 949 1781 eum

108 1795 207 1822 alicubi
227 1795 275 1827 sit,
295 1802 346 1821 non
367 1795 447 1821 etiam
467 1795 568 1829 ubique
588 1803 646 1822 esse
666 1796 800 1829 credatur,
820 1805 881 1823 cum
902 1805 950 1831 per

107 1838 201 1864 suain
221 1837 345 1864 omnibus
371 1844 428 1863 csse
458 1845 509 1863 non
538 1838 648 1864 desinat.
678 1838 735 1864 Non
762 1839 834 1866 aliud
861 1844 948 1867 autem

108 1881 168 1911 sint,
196 1887 276 1914 quam
296 1879 368 1914 quod
396 1883 436 1906 est
455 1880 529 1913 ipse,
557 1887 627 1914 quae
652 1888 700 1907 sna
728 1885 796 1907 sunt.
824 1883 855 1908 Et
882 1883 949 1910 haee

107 1926 218 1956 propter
237 1926 347 1948 naturae
368 1922 567 1956 intelligentiam
588 1922 660 1949 dicta
679 1926 774 1949 sunt».
795 1924 841 1950 His
860 1925 950 1950 verbis

108 1969 199 2000 aperte
212 1965 343 1998 significat
355 1980 390 1984 —
402 1965 424 1991 si
439 1968 526 1991 tamen
546 1965 678 1998 intelligis,
692 1966 826 1993 haeretice
838 1982 874 1986 —
886 1968 949 2001 quia

107 2008 197 2035 divina
217 2010 311 2034 natura
331 2015 383 2034 11011
402 2007 479 2034 alind·
504 2010 543 2034 est
571 2008 605 2034 ab
633 2008 675 2034 his
701 2016 770 2043 quae
795 2017 843 2036 sua
872 2014 949 2042 sunt,

106 2050 142 2077 ita
162 2054 190 2076 ut
209 2050 305 2081 insint,
326 2053 352 2076 et
370 2057 419 2084 per
434 2050 478 2076 illa
498 2050 523 2076 in
538 2050 662 2077 omnibus
674 2054 714 2077 est
732 2052 801 2083 suis,
815 2060 884 2087 quae
898 2061 948 2079 non

106 2093 202 2120 insunt.
223 2093 275 2119 Sua
296 2094 367 2119 enim
386 2097 447 2119 sunt
466 2094 546 2120 etiam
566 2101 636 2128 quae
656 2102 707 2121 non
729 2095 834 2127 insunt,
860 2096 885 2122 id
911 2100 950 2123 est

106 2143 197 2162 omnes
220 2139 372 2167 ereaturam
399 2139 424 2162 et
452 2143 500 2162 sua
528 2140 590 2162 sunt
613 2144 682 2170 quae
712 2137 813 2169 insunt,
840 2141 868 2164 ut
897 2142 949 2165 tres

106 2185 250 2213 personae,
271 2186 340 2213 quae
360 2182 421 2205 sunt
435 2179 555 2205 eiusdem
570 2182 680 2206 naturae
695 2183 720 2206 et
739 2180 832 2207 eadem
848 2185 949 2213 natura,

7 2222 176 2273 'fflssffimsmm
196 2229 278 2255 supra
298 2222 436 2255 Augustini
449 2221 458 2234 ⁶
478 2223 628 2249 testimonio
644 2223 809 2250 firmavimus
822 2224 949 2251 dicentis:

108 2267 161 2290 tres
179 2271 307 2298 personas
327 2271 384 2290 esse
405 2265 524 2291 eiusdem
545 2265 674 2291 essentiae
704 2265 744 2292 vel
770 2266 882 2293 eandem
912 2274 950 2293 es-

107 2307 230 2337 sentiam,
256 2307 302 2333 sed
331 2315 381 2333 non
412 2315 444 2333 ex
465 2308 557 2334 eadem
577 2308 708 2339 essentia,
729 2316 761 2334 ne
782 2309 854 2335 aliud
874 2310 950 2336 intel-
977 2314 979 2323 ’

107 2349 204 2382 ligatur
218 2350 341 2380 essentia,
356 2349 428 2375 aliud
442 2357 566 2384 persona.
576 2366 611 2370 —
621 2351 678 2377 Non
695 2354 781 2378 tamen
796 2352 949 2383 diffitemur,

169 2548 176 2562 ¹
195 2548 257 2576 Quae
275 2548 416 2576 praecedunt
432 2550 580 2572 inveniuntur
591 2550 646 2572 ibid.
665 2557 686 2572 n.
704 2551 741 2573 27.
753 2555 775 2574 et
787 2552 824 2574 28.
836 2552 949 2575 —Locus

106 2593 124 2609 s.
141 2587 272 2614 Scripturae
291 2590 325 2609 est
342 2588 401 2610 toan.
426 2588 458 2615 to,
477 2588 513 2610 30.

167 2625 177 2639 2
194 2625 254 2647 Libr.
272 2626 286 2647 l.
305 2626 333 2648 de
352 2627 414 2648 Trin.
433 2633 454 2649 11.
476 2628 507 2649 19.
534 2628 614 2650 Ultima
632 2630 761 2657 propositio
785 2633 819 2652 est
845 2631 897 2653 Vlll.
920 2630 949 2652 de

107 2663 169 2686 Trin.
187 2670 208 2685 n.
230 2664 263 2686 14.

167 2702 176 2717 3
193 2702 226 2725 De
243 2704 286 2725 hoc
303 2706 325 2726 et
341 2705 444 2732 sequenti
463 2704 512 2726 luco
529 2705 583 2727 vide
600 2712 669 2734 supra
688 2713 741 2735 pag.
760 2707 811 2735 582,
830 2710 881 2730 nota
904 2708 920 2730 l.

168 2741 176 2755 ⁴
196 2742 245 2764 Vat.
263 2744 284 2764 et
301 2743 353 2765 edd.
372 2742 392 2771 4,
410 2744 423 2765 6
441 2744 530 2766 addunt
546 2745 672 2772 glossema:
690 2747 711 2769 et
727 2746 806 2774 aliud,
824 2746 888 2776 quod
909 2746 950 2769 Der·

106 2781 154 2808 est,
181 2780 294 2810 aliudque
317 2783 433 2805 naturam
452 2783 504 2811 Dei,
524 2783 694 2812 refragantibus
710 2785 818 2808 omnibus
835 2786 902 2808 codd.
928 2789 949 2808 et

106 2819 155 2842 aliis
171 2820 224 2842 edd.

168 2859 177 2873 ⁵
194 2858 250 2881 lbid.
268 2866 289 2881 n.
308 2860 344 2882 ⁴24.
363 2861 385 2882 ln
404 2867 450 2889 quo
468 2864 528 2883 textu
547 2868 589 2889 pro
605 2861 679 2891 fuem‘t
694 2862 719 2885 in
740 2862 833 2892 forma.
861 2865 887 2886 ut
912 2864 948 2886 ed.

107 2897 183 2919 Hilarii
207 2897 296 2927 suetum·
322 2899 419 2929 infirma
444 2900 476 2922 ad
496 2900 521 2923 id
540 2902 630 2924 nutura
653 2901 716 2929 eius,
736 2903 769 2925 ut.
787 2903 874 2925 Deinde
899 2903 948 2925 Vat.

1015 214 1132 247 aliquam
1152 214 1349 242 distinctionem
1369 217 1519 244 habendam
1540 218 1595 245 sore
1614 220 1761 246 seeundum
1786 221 1858 247 intel·
1882 227 1998 254 >Admittitur

1015 255 1139 290 ligentiac
1156 257 1302 290 rationem,
1322 266 1383 285 cum
1403 259 1502 286 dieitur
1515 260 1685 295 hypostasis,
1705 266 1804 290 etcum
1819 264 1858 290 di-
1867 250 1998 292 ffifflssfum‘

1014 299 1084 324 citur
1103 298 1233 330 essentz'a‚·
1253 300 1315 333 quia
1335 301 1370 327 ibi
1390 302 1555 336 significatur
1574 304 1645 338 quod
1660 309 1699 331 est
1716 313 1857 332 commune

1013 339 1113 371 tribus,
1133 341 1177 367 hic
1198 348 1261 368 vero
1282 349 1341 368 non.
1362 344 1408 369 Est
1431 347 1518 371 tamen
1548 346 1700 380 hypostasis
1729 350 1856 380 essentia,

1013 385 1038 408 et
1057 389 1071 409 e
1091 390 1229 410 converso.
1249 385 1391 412 Fateamur
1404 394 1482 420 ergo,
1503 396 1583 415 unum
1608 394 1689 424 atque
1708 391 1778 418 idem
1799 400 1856 419 esse

1013 427 1066 451 tres
1084 433 1213 459 personas
1231 427 1378 454 secundum
1403 431 1559 463 essentiam,
1588 432 1739 460 differentes
1767 438 1855 461 autem

1011 468 1229 501 proprietatibus.
1261 469 1337 496 Unde
1368 470 1531 505 Augustinus
1554 481 1636 507 super
1665 475 1754 502 locum
1782 484 1857 510 prae·
1866 482 1987 505 Augustinus-

1012 512 1131 537 taxatum
1145 511 1243 538 Psalmi
1254 512 1262 525 ⁷
1275 513 1325 539 ait:
1342 524 1352 536 «
1366 513 1491 546 Quaeris,
1505 516 1569 549 quid
1584 517 1618 543 sit
1631 518 1723 545 Pater?
1742 519 1857 553 Respon-

1011 552 1105 579 detur:
1131 554 1209 580 Deus.
1236 554 1363 589 Quaeris,
1390 558 1454 591 quid
1474 558 1508 584 sit
1533 559 1632 586 Filius?
1652 561 1855 595 Respondetur:

1010 595 1089 622 Deus.
1108 595 1235 629 Quaeris,
1255 598 1320 632 quid
1340 599 1374 625 sit
1393 600 1470 627 Pater
1489 604 1514 627 et
1533 602 1631 629 Filius?
1655 603 1854 637 Respondetur:

1010 638 1088 665 Deus.
1116 640 1154 666 Dc
1182 641 1293 675 singulis
1317 642 1507 677 interrogatus,
1536 645 1621 671 Deum
1651 647 1791 681 responde.
1818 649 1855 675 De

1011 683 1124 715 utroque
1144 683 1333 717 interrogatus,
1354 692 1404 711 non
1425 685 1506 719 deos,
1525 687 1572 713 sed
1603 688 1686 715 Deum
1713 691 1854 724 responde.

1009 723 1066 750 Non
1086 724 1125 750 sic
1146 725 1170 751 in
1191 726 1352 753 hominibus.
1373 728 1455 755 Tanta
1475 730 1545 755 enim
1566 730 1601 756 ibi
1622 734 1661 757 est
1689 732 1853 759 substantiae

1010 767 1110 799 unitas,
1130 771 1160 794 ut
1179 769 1367 803 aequalitatem
1388 771 1525 803 admittat,
1545 772 1725 806 pluralitatem
1747 776 1855 801 nonad-

1010 809 1104 835 mittat.
1124 809 1150 836 Si
1171 817 1233 844 ergo
1255 812 1301 837 tibi
1322 811 1422 839 dictum
1443 813 1536 847 fuerit,
1563 822 1625 841 cum
1651 816 1735 850 dicis,
1759 818 1853 844 Filium

1003 856 1068 877 'esse
1081 852 1153 886 quod
1167 853 1244 879 Pater
1256 857 1309 880 est:
1324 856 1443 889 profecto
1457 857 1540 883 Filius
1553 858 1630 884 Pater
1644 863 1695 891 est;
1709 861 1853 894 responde:

1009 895 1158 921 secundum
1177 896 1353 924 substantiam
1375 898 1421 924 tibi
1441 899 1497 925 dixi
1516 900 1567 926 hoc
1588 908 1645 928 esse
1665 902 1761 928 Filium
1782 904 1853 937 quod

1010 938 1087 964 Pater
1106 942 1145 965 est
1155 960 1161 971 ,
1182 947 1233 966 non
1252 941 1401 967 secundum
1422 942 1447 968 id
1462 943 1534 977 quod
1548 943 1585 969 ad
1597 944 1677 971 aliud
1689 945 1795 972 dicitur.
1809 946 1855 972 Ad

1009 988 1035 1006 se
1054 981 1124 1007 enim
1144 982 1243 1009 dicitur
1263 983 1350 1016 Deus,
1370 983 1407 1010 ad
1425 986 1535 1011 Patrem
1555 987 1638 1013 Filius
1657 987 1764 1015 dicitur.
1790 989 1855 1015 Rur-

1009 1031 1123 1058 sumque
1152 1025 1229 1051 Pater
1248 1025 1284 1052 ad
1302 1034 1328 1053 se
1348 1027 1446 1054 dicitur
1466 1029 1548 1061 Deus,
1568 1029 1604 1056 ad
1621 1029 1726 1057 Fz‘tz'mn
1755 1031 1854 1059 dieitur

1010 1066 1094 1092 Pater.
1113 1066 1188 1097 Quod
1208 1068 1307 1095 dicitur
1326 1070 1359 1096 ad
1378 1070 1475 1097 Filium
1496 1072 1587 1103 Pater,
1611 1080 1662 1099 non
1690 1077 1729 1100 est
1754 1075 1853 1103 Filius:

1009 1110 1081 1143 quod
1101 1110 1200 1137 dicitur
1218 1112 1301 1138 Filius
1320 1113 1353 1139 ad
1374 1113 1496 1145 Patrem,
1516 1122 1567 1141 non
1592 1119 1631 1142 est
1659 1117 1752 1148 Pater,
1781 1119 1852 1152 quod

1009 1152 1107 1179 dicitnr
1127 1154 1204 1180 Pater
1224 1155 1256 1181 ad
1286 1163 1314 1182 se
1340 1159 1366 1182 et
1385 1156 1467 1183 Filius
1487 1157 1520 1183 ad
1540 1166 1586 1189 se,
1606 1159 1656 1185 hoc
1677 1163 1716 1186 est
1735 1161 1811 1187 Pater
1828 1164 1852 1188 et

1009 1195 1108 1227 FiliuS,
1128 1196 1154 1222 id
1175 1200 1214 1223 est
1233 1198 1338 1224 Deus».

1374 1285 1435 1311 CAP.
1455 1286 1484 1312 II.

1011 1369 1106 1395 Utrum
1126 1369 1163 1395 ila
1179 1370 1266 1404 possit
1285 1370 1342 1397 dz'cz'
1358 1380 1430 1398 umas
1450 1373 1520 1399 Deus
1547 1373 1630 1400 trium
1654 1383 1851 1409 perseum-mn,

1077 1415 1106 1437 ut
1125 1411 1226 1439 dieitur
1244 1421 1301 1439 una
1320 1414 1432 1441 essentia.
1452 1415 1536 1442 trium
1549 1425 1744 1451 personammz,
1763 1423 1786 1444 el
1800 1422 1851 1445 tres

1074 1462 1205 1488 personae
1229 1454 1312 1481 unius
1337 1456 1401 1487 Dez',
1425 1461 1454 1483 ul
1478 1462 1529 1484 {res
1552 1467 1683 1493 personae
1706 1460 1790 1487 mlius
1814 1469 1852 1487 es-

1077 1501 1185 1523 sentiae.

1077 1583 1124 1609 Hic
1144 1583 1369 1611 considerandum
1390 1589 1445 1617 est,
1465 1594 1526 1613 cum
1546 1588 1616 1614 Deus
1635 1589 1669 1614 sit
1692 1589 1783 1616 divina
1813 1597 1851 1616 es-

1006 1626 1108 1657 sentia,
1129 1630 1154 1652 et
1174 1627 1208 1653 ita
1229 1627 1334 1654 dicatur
1359 1636 1428 1655 unus
1452 1630 1522 1656 Deus
1546 1638 1603 1657 esse
1626 1634 1679 1658 tres
1701 1639 1850 1666 personae,

1006 1669 1076 1695 sicut
1096 1676 1148 1695 una
1169 1670 1282 1697 essentia
1302 1671 1401 1697 dicitur
1419 1675 1473 1698 tres
1493 1680 1635 1706 personae,
1655 1677 1743 1701 utrum
1759 1675 1794 1702 ita
1808 1683 1851 1702 va-

1007 1712 1059 1738 leat
1078 1719 1141 1738 sane
1161 1712 1213 1738 dici
1226 1734 1232 1744 ,
1254 1721 1321 1739 1111115
1340 1714 1410 1742 Deus
1431 1715 1510 1741 trium
1531 1723 1720 1749 personarum,
1741 1718 1850 1744 veltres

1006 1762 1137 1788 personae
1158 1755 1235 1781 unius
1255 1756 1316 1787 Dei,
1336 1756 1406 1783 sicut
1425 1757 1523 1784 dicitur
1548 1766 1598 1784 una
1627 1760 1740 1786 essentia
1770 1761 1848 1787 trium

1006 1804 1199 1831 personarum⁷
1220 1801 1244 1824 et
1265 1801 1317 1825 tres
1330 1806 1461 1833 personae
1476 1800 1554 1827 unius
1569 1803 1706 1829 essentiae..
1719 1818 1754 1822 -—
1767 1803 1794 1829 In
1809 1804 1849 1830 his
1863 1803 1972 1826 Responsio.

1006 1840 1186 1866 locutionibus
1205 1840 1360 1875 Scripturae
1380 1850 1444 1869 usus
1458 1843 1534 1869 nohis
1548 1844 1723 1871 aemulandus
1737 1846 1850 1878 videtur,

1007 1883 1052 1910 ubi
1073 1883 1225 1917 frequenter
1244 1885 1377 1918 reperitur
1396 1885 1432 1911 ita
1452 1886 1566 1912 dictum:
1589 1895 1639 1914 una
1669 1891 1707 1914 est
1735 1890 1848 1916 essentia

1007 1927 1086 1952 trium
1108 1933 1301 1960 personarum,
1322 1931 1347 1954 et
1367 1931 1420 1954 tres
1439 1932 1501 1954 sunt
1521 1937 1652 1963 personae
1672 1931 1750 1957 nnius
1764 1939 1850 1958 essen-

1008 1970 1072 1999 tiae;
1094 1976 1225 2003 nusquam
1252 1973 1340 1996 autem
1367 1972 1484 1997 occurrit
1511 1972 1625 2006 legisse,
1654 1982 1737 2000 unum
1765 1976 1849 2002 Deum

1006 2010 1086 2036 trium
1106 2018 1282 2044 personarum
1294 2011 1311 2044 8,
1331 2012 1373 2039 vel
1394 2016 1446 2039 tres
1462 2021 1595 2048 personas
1615 2016 1694 2042 tinius
1706 2017 1761 2043 Dei.
1774 2016 1848 2048 Quod

1007 2052 1066 2079 ideo
1086 2056 1150 2087 puto
1170 2057 1276 2080 sanctos
1295 2054 1419 2082 doctores
1439 2056 1548 2089 vitasse,
1562 2065 1594 2084 ne
1609 2058 1644 2084 ita
1661 2059 1727 2085 forte
1747 2060 1851 2094 accipe-

1006 2099 1079 2122 retur
1099 2096 1124 2122 in
1146 2096 1243 2122 divinis
1262 2098 1401 2131 personis,
1422 2102 1450 2125 ut
1470 2100 1609 2133 accipitur,
1629 2108 1690 2127 cum
1715 2101 1748 2128 de
1776 2110 1850 2129 crea·
1870 2103 1871 2106 ’

1007 2139 1072 2165 turis
1091 2139 1177 2165 simile
1191 2139 1256 2173 quid
1270 2140 1376 2167 dicitur.
1399 2141 1503 2168 Dicitur
1522 2143 1591 2168 enim
1606 2144 1677 2170 Deus
1697 2143 1850 2176 ΑΖΗ-11110111,

1005 2181 1081 2207 Isaac
1100 2186 1122 2207 el
1142 2181 1284 2213 laeob⁹‚et
1304 2184 1374 2210 Deus
1394 2184 1482 2211 omnis
1502 2189 1648 2212 creaturae.
1668 2186 1743 2218 Quod
1757 2188 1850 2222 utique

1006 2224 1105 2250 dieitur
1124 2228 1234 2259 propter
1253 2226 1415 2260 principium
1430 2228 1574 2254 creationis
1588 2229 1628 2255 vel
1643 2230 1743 2262 gratiae
1758 2230 1778 2243 ¹⁰
1799 2231 1851 2265 pri-

1005 2267 1147 2301 vilegium,
1178 2271 1201 2294 et
1226 2272 1367 2296 creaturae
1393 2270 1586 2297 subiectionem
1616 2272 1657 2299 vel
1686 2274 1850 2300 servitutem.

1006 2310 1071 2336 Cum
1092 2318 1154 2344 ergo
1175 2312 1200 2337 111
1220 2312 1347 2339 Trinitate
1367 2313 1432 2339 nihil
1453 2314 1486 2339 sit
1511 2318 1631 2341 creatum
1660 2316 1701 2342 vel
1731 2317 1851 2343 serviens

1006 2353 1047 2380 vel
1072 2354 1236 2386 subiectum,
1260 2362 1311 2381 non
1337 2355 1445 2382 admisit
1466 2356 1530 2383 tides
1559 2357 1584 2384 in
1614 2358 1740 2385 Trinitate
1771 2360 1850 2387 talem

1004 2559 1058 2575 cum
1075 2553 1179 2581 plurimis
1196 2554 1248 2576 edd.
1266 2554 1329 2577 addit
1349 2561 1409 2584 quae
1427 2559 1479 2583 post
1495 2555 1554 2579 desit
1565 2563 1680 2586 usquam,
1708 2558 1749 2580 sed
1771 2563 1848 2582 eontra

1005 2592 1127 2620 originale,
1153 2593 1220 2615 codd.
1237 2596 1259 2615 et
1276 2593 1311 2615 ed.
1334 2594 1351 2616 l.
1375 2594 1396 2616 ln
1415 2594 1459 2617 fine
1477 2598 1554 2618 contra
1573 2596 1639 2619 codd.
1661 2597 1711 2619 Vat.
1729 2603 1783 2620 cum
1800 2599 1849 2621 aliis

1004 2631 1065 2658 edd,
1083 2635 1177 2660 excepta
1195 2632 1219 2659 8,
1237 2633 1317 2655 autem
1333 2632 1401 2656 aliud
1416 2635 1474 2657 sunt
1490 2640 1533 2662 pro
1550 2635 1618 2658 aliud
1633 2636 1713 2659 autem
1730 2636 1784 2659 sint.

1067 2670 1076 2684 Β
1093 2670 1153 2693 Libr.
1172 2671 1216 2693 Vll.
1234 2671 1263 2693 de
1281 2672 1343 2694 Trin.
1361 2678 1380 2695 c.
1399 2673 1419 2695 6.
1438 2679 1459 2695 n.
1478 2674 1514 2696 ll.
1532 2673 1576 2696 Csr.
1589 2674 1611 2696 d.
1624 2675 1651 2697 V.
1663 2681 1683 2697 c.
1696 2676 1717 2697 2.
1729 2682 1782 2704 pag.
1796 2676 1847 2704 ilo,

1005 2711 1057 2731 nota
1074 2708 1096 2736 7,
1113 2712 1135 2731 et
1152 2709 1173 2731 d.
1192 2710 1265 2732 XXV.
1284 2716 1303 2733 c.
1322 2711 1342 2733 sl.
1359 2717 1412 2739 pag.
1432 2711 1484 2740 432,
1503 2715 1554 2735 nota
1572 2713 1593 2735 5.

1067 2748 1076 2762 7
1094 2748 1194 2770 Enarrat.
1207 2749 1228 2770 in
1242 2749 1323 2771 l'salm.
1336 2750 1372 2778 68,
1385 2756 1461 2773 sermo
1477 2752 1495 2773 1.
1509 2758 1529 2773 n.
1548 2751 1569 2773 5.
1582 2751 1627 2774 Ctr.
1645 2752 1667 2774 d.
1680 2752 1782 2775 XXXlll.
1795 2759 1813 2775 c.
1827 2754 1847 2776 2.

1067 2787 1076 2802 ⁸
1093 2787 1165 2810 Codd.
1182 2790 1204 2810 et
1220 2788 1274 2810 edd.
1292 2789 1312 2818 3,
1331 2789 1352 2817 5,
1369 2789 1391 2817 7,
1410 2790 1430 2818 8,
1449 2791 1462 2812 9
1484 2792 1591 2813 omittunt
1604 2797 1774 2820 personarum.

1067 2826 1076 2839 0
1093 2826 1162 2849 Exod.
1180 2827 1201 2855 3,
1219 2828 1244 2855 6;
1262 2828 1319 2850 alius
1336 2829 1400 2851 loeus
1417 2832 1450 2852 est
1467 2829 1540 2852 Iudith
1558 2831 1579 2858 9,
1599 2831 1634 2853 Ἰ17.

1069 2865 1087 2880 ¹⁰
1104 2866 1156 2888 Sota
1174 2866 1224 2889 Vat.
1241 2866 1341 2896 qlom'ae.
