2215 3404
11 1784 40 1803 Ad
55 1784 129 1808 opposi-

678 146 761 174 DIST.
784 146 880 174 XLVII.
903 146 974 174 An's.
998 146 1113 175 UNlCUS
1135 147 1269 182 QUAEST.
1293 147 1333 174 tv.

212 225 238 252 2.
262 224 298 252 Ad
321 223 389 252 illud
413 224 487 260 quod
510 223 648 258 obiicitur,
664 224 738 261 quod
753 224 788 252 ad
804 224 977 252 innocentem

133 271 252 308 pertinet
273 270 418 304 cotiibere3
440 270 605 304 dicendum,
628 270 701 306 quod
724 270 793 298 illud
816 269 978 305 intelligitur

134 318 169 346 de
190 317 357 346 cohibitione
379 319 514 353 quantuni
537 317 572 344 ad
594 316 777 353 arguitionem
805 319 831 344 et
863 316 979 353 punitio-

134 372 213 397 nem.
236 372 290 392 non
312 366 448 400 quantum
471 364 506 392 ad
529 363 679 391 voluntatis
699 363 876 391 coactionem.

214 410 239 439 3.
262 410 300 438 Ad
323 410 392 438 illud
415 410 490 446 quod
511 410 649 444 obiicitur,
671 410 744 446 quod
778 409 855 438 zelus
886 410 979 437 obviat

98 481 100 484 .
135 461 263 495 peccato;
285 457 448 488 dicendum,
470 456 545 493 quod
566 464 665 485 verum
687 461 743 490 est,
766 456 842 485 salvo
866 457 925 485 iure
941 457 979 484 in—

135 505 241 538 stitiae;
264 508 290 532 et
313 503 424 532 iustitia.
447 506 531 539 prout
552 506 593 531 est
615 503 684 531 ordo
706 503 838 536 universi,
855 503 907 531 hoc
922 503 978 531 exi-

1819 149 1874 176 845

1036 224 1086 260 git,
1116 227 1146 251 nt.
1176 224 1251 252 Deus
1282 224 1439 261 permittat.
1466 225 1605 254 hominem
1637 225 1697 254 ire¹
1721 226 1874 255 secundum

1036 271 1185 306 imperium
1208 278 1274 299 suae
1296 271 1454 300 voluntatis.

1113 318 1139 345 [ι.
1162 317 1200 345 Ad
1222 317 1290 346 illud
1313 318 1387 354 quod
1408 318 1508 346 ultimo
1523 319 1661 353 obiicitur,
1676 322 1750 355 patet
1767 327 1876 356 respon-

1035 364 1088 395 sio;
1103 364 1166 400 quia
1183 364 1344 400 permittere
1359 364 1479 401 aliquem
1502 372 1616 400 peccare
1644 368 1684 393 est
1712 373 1782 401 opus
1803 366 1877 394 iusti-

1036 410 1103 443 tiae,
1139 418 1205 444 non.
1239 410 1371 446 inquam,
1404 411 1543 445 iustitiae.
1575 419 1645 447 quae
1675 411 1709 439 sit
1737 411 1875 448 exigentia

1036 457 1212 488 meritorum.
1235 457 1283 485 sed
1305 456 1481 485 condecentia
1495 457 1603 485 divinae
1619 457 1769 493 sapientiae
1785 461 1811 486 et
1832 457 1878 485 bo-

1036 503 1128 531 nitatis
1138 503 1156 530 Ξ.

879 661 1140 697 SCHOLION.

201 824 213 845 l.
233 824 297 845 l‘lnra
316 823 345 844 ad
363 824 421 844 lianc
438 823 595 851 quaestionem
613 822 738 849 spectantia
750 821 804 843 ride
821 827 890 848 supra
905 821 925 842 d.
945 820 980 842 46.

138 869 160 891 q.
178 863 228 890 2-6,
245 864 267 884 et
284 862 306 884 d.
320 861 356 883 44.
369 869 389 883 a.
403 862 423 883 rl.
436 868 457 889 q.
476 861 521 888 1-3,
539 863 559 882 et
572 860 634 888 apud
652 859 806 882 Alexandrum
819 859 879 887 Hal..
893 860 914 881 S.
933 866 954 887 p.
968 860 981 881 1,

137 907 159 929 q.
173 901 209 923 38.
222 907 263 928 per
277 904 353 928 totam,
367 900 406 922 ubi
419 900 496 927 plures
509 899 537 921 de
550 900 592 920 hac
609 905 633 921 re
651 899 796 926 quaestiones
813 897 941 919 solvuntur.
951 908 983 912 —

137 940 170 962 De
183 939 268 967 duplici
280 945 357 961 rerum
376 938 463 966 ordine,
476 939 523 960 scil.
536 938 557 959 in
569 937 680 960 universo
693 940 714 958 et
726 936 755 958 ad
765 936 844 966 finem,
859 935 899 958 cfr.
912 942 980 963 supra

138 978 160 1001 d.
178 978 214 1000 44..
232 985 252 1000 a.
275 979 291 1000 1.
310 985 331 1007 q.
351 979 378 1005 3;
396 981 418 1000 et
434 977 463 1000 de
481 977 624 999 distinctione
642 976 741 1003 duplicis
758 975 821 1003 sinis,
839 975 887 997 scil.
905 973 984 996 ultam*

138 1019 160 1039 et.
176 1017 308 1044 principalis
326 1017 384 1045 (laus
401 1017 450 1044 Dei)
468 1019 489 1038 et
510 1024 520 1036 ει
532 1015 587 1045 finis
604 1014 647 1038 sub
664 1014 709 1044 fine
722 1023 732 1034 »
754 1014 824 1041 (salus
847 1014 981 1041 electorum)

139 1056 179 1078 cfr.
197 1056 219 1077 ll.
238 1056 298 1077 Sent.
318 1056 339 1078 d.
359 1056 394 1077 15.
413 1063 432 1077 a.
452 1056 471 1077 2.
491 1061 511 1083 q.
531 1056 556 1082 fl,
575 1055 596 1076 d.
616 1055 652 1076 38.
670 1060 689 1075 a.
713 1054 730 1075 l.
748 1060 769 1082 q.
789 1053 809 1074 3.

201 1095 222 1117 ll.
242 1095 354 1123 Tangitur
372 1096 408 1117 hic
425 1095 544 1123 quaestio,
561 1100 619 1122 quae
641 1094 712 1121 vulgo
738 1094 759 1114 in
778 1092 879 1114 doctrina
906 1091 933 1113 de
951 1098 983 1113 rc-

139 1134 273 1162 probatione
296 1135 317 1156 in
342 1138 463 1162 utramque
488 1136 577 1161 partem
604 1133 735 1159 discutitur,
759 1135 836 1154 utrum
863 1131 983 1158 permissio

139 1173 225 1200 peccati
243 1173 270 1194 sit
288 1173 309 1194 in
328 1172 374 1194 Deo
392 1175 455 1194 actus
479 1171 601 1201 positivus,
621 1171 657 1193 x‘el
677 1169 770 1199 impulso
793 1172 857 1191 actus
884 1169 981 1196 positixi.

138 1211 180 1232 Pro
197 1212 270 1239 prima
289 1212 398 1233 sententia
416 1212 513 1233 citantur
525 1217 537 1232 a
550 1211 652 1238 patronis
664 1210 736 1237 ipsius
749 1209 809 1230 Alex.
823 1208 883 1235 llal.⁷
897 1209 918 1229 S.
932 1214 953 1235 p.
969 1208 981 1229 Ι,

1038 828 1059 849 (ι,
1079 821 1114 842 36.
1135 826 1164 842 m.
1187 821 1211 847 1,
1230 822 1252 841 et
1269 820 1290 841 S.
1309 820 1405 847 Thom.⁷
1423 820 1444 841 S.
1463 820 1477 842 1.
1495 826 1516 848 q.
1535 820 1571 841 23.
1589 826 1609 841 a.
1632 820 1657 847 3,
1675 823 1695 841 et
1721 827 1732 841 a
1759 820 1834 841 Barth.
1852 820 1880 841 de

1039 859 1152 881 Barberiis
1169 858 1265 885 (Cursus
1283 859 1381 886 theolog.
1400 861 1454 881 toni.
1472 859 1486 881 1.
1504 858 1526 880 d.
1545 859 1566 880 6.
1584 865 1605 887 q.
1620 859 1664 886 ν11.)
1678 859 1745 881 etiam
1761 859 1782 880 S.
1796 859 1880 880 Bonav.

1021 912 1024 914 .
1040 898 1085 923 (liic
1103 901 1124 920 et
1139 897 1195 919 dul).
1209 898 1252 925 3.),
1271 898 1336 919 cuius
1353 900 1428 919 tamen
1446 897 1516 919 verba
1530 897 1596 919 nobis
1612 897 1720 924 ambigua
1738 903 1787 919 esse
1804 897 1881 919 viden-

1039 940 1082 958 tnr.
1096 936 1176 958 Scottis
1195 937 1240 963 (liic
1252 943 1274 964 q.
1287 937 1362 963 unica)
1382 937 1431 958 licet
1449 939 1570 964 utramque
1587 937 1721 958 sententiam
1739 935 1881 963 probabilem

1039 975 1154 1002 aestimet,
1173 978 1248 996 tamen
1267 974 1366 1001 praefert
1382 975 1528 1002 sententiam,
1554 974 1616 1003 quod
1641 975 1664 996 in
1689 974 1736 996 Deo
1760 975 1882 1002 permissio

1039 1014 1067 1035 sit
1086 1014 1177 1041 negatio
1195 1018 1258 1035 actus
1275 1014 1380 1041 positivi,
1398 1013 1438 1035 sed
1456 1014 1523 1035 simul
1541 1014 1622 1035 reflexo
1640 1016 1704 1036 actus
1721 1014 1841 1041 positivus.

1104 1052 1135 1073 ΙΙΙ.
1153 1052 1279 1074 Auctores:
1298 1052 1359 1073 Alex.
1377 1052 1440 1079 Ilal..
1459 1052 1481 1073 S.
1500 1058 1522 1079 p.
1541 1052 1554 1073 Ι.
1574 1058 1595 1080 q.
1618 1052 1650 1073 18.
1668 1058 1698 1073 m.
1718 1052 1753 1073 lO.
1771 1058 1789 1073 a.
1813 1053 1836 1079 1,
1860 1058 1882 1080 q.

1040 1091 1076 1112 38.
1095 1097 1124 1112 m.
1147 1091 1164 1112 1.
1183 1091 1203 1112 2.
1221 1103 1252 1106 —
1269 1091 1342 1117 Scor,
1360 1091 1452 1118 Report.
1471 1091 1507 1113 liic
1524 1097 1546 1119 q.
1565 1092 1585 1113 2.
1602 1103 1633 1107 —
1651 1091 1673 1113 Β.
1686 1091 1782 1118 Athert.²
1797 1091 1809 1113 l.
1822 1091 1882 1113 Sem.

1040 1130 1061 1151 d.
1081 1129 1116 1151 46.
1135 1136 1154 1151 a.
1173 1130 1193 1151 Ε).
1211 1142 1242 1145 -
1260 1130 1318 1152 Petr.
1336 1136 1348 1151 a
1367 1130 1432 1155 Tar„
1452 1130 1464 1151 Ι.
1483 1130 1589 1153 Scnt.,d.
1618 1130 1651 1152 to.
1677 1136 1698 1158 q.
1729 1131 1746 1152 1.
1772 1138 1791 1152 a.
1810 1131 1830 1152 3.
1852 1143 1883 1146 —

1039 1168 1145 1190 nit-nard.
1163 1176 1174 1190 a
1194 1169 1266 1193 Med..
1286 1169 1321 1191 nic
1338 1175 1360 1197 q.
1379 1169 1405 1196 3.
1423 1173 1443 1191 et
1463 1169 1483 1191 d.
1504 1168 1540 1190 46.
1558 1175 1579 1197 q.
1598 1169 1618 1190 3.
1639 1181 1671 1185 —
1692 1170 1765 1197 AEgid.
1791 1170 1828 1197 1³..⁷
1848 1171 1883 1192 liic

1040 1208 1060 1229 2.
1079 1208 1150 1235 princ.
1169 1214 1190 1236 q.
1209 1208 1230 1229 2.

898 1355 1061 1392 Qutsss‘no
1084 1355 1124 1383 tv.

708 1477 812 1506 Utrum
836 1478 911 1505 Deus
930 1477 1023 1513 possit
1044 1476 1124 1505 mala
1143 1477 1323 1514 praecipere.

218 1637 323 1673 Quarto
344 1638 371 1664 et
391 1635 491 1663 ultimo
511 1635 667 1671 quaeritur,
688 1637 785 1661 utrum
808 1633 881 1661 Deus
900 1632 986 1669 possit

140 1683 213 1711 mala
234 1682 403 1720 praecipere.
428 1682 457 1710 Et
477 1681 550 1718 quod
574 1681 631 1715 sic,
654 1680 777 1709 videtur:

221 1730 244 1757 l.
260 1729 331 1765 Quia
342 1729 484 1765 praecepit
499 1728 586 1756 Oseae
601 1728 692 1764 primo
706 1727 724 1761 ³,
740 1730 772 1755 ut
786 1727 903 1754 (laceret
917 1734 987 1753 navo-

141 1785 204 1804 rem
223 1774 435 1812 fornicariam,
451 1778 478 1803 et
494 1774 653 1803 Bernardus
674 1774 790 1811 exponit
804 1773 838 1801 ad
856 1774 985 1801 litteram.

143 1824 226 1860 Quod
244 1823 272 1851 si
292 1823 389 1856 dicas,
412 1822 447 1850 ad
470 1822 590 1850 litteram
606 1829 660 1849 non
682 1828 742 1849 esse
758 1820 986 1857 intelligendum3

142 1871 279 1900 obiicitur
301 1874 384 1898 tunc:
408 1869 473 1906 quia
495 1869 635 1906 praecepit
668 1876 721 1896 non
747 1870 853 1896 tantum
883 1867 987 1895 ducere

142 1925 278 1952 uxorem,
300 1917 346 1945 sed
371 1917 454 1945 etiam
469 1916 560 1944 facere
575 1915 647 1943 lilios
662 1914 866 1948 fornicationis;
887 1913 986 1950 quodsi

140 1968 214 1994 esset
234 1973 308 1993 uxor
331 1963 467 2000 legitima,
490 1971 543 1990 non
566 1965 658 1990 essent
678 1961 726 1989 filii
749 1961 946 1989 fornicationis.

222 2013 247 2040 2.
270 2012 352 2045 ltem‚
369 2010 455 2039 Exodi
471 2009 637 2038 duodecimo
648 2008 656 2023 ⁴
672 2008 813 2045 praecepit
827 2008 918 2036 facere
934 2007 988 2035 fur-

143 2061 201 2086 tum
224 2058 288 2086 filiis
310 2057 412 2091 lsrae13
434 2056 483 2085 sed
504 2056 612 2084 furtum
634 2058 676 2084 est
703 2055 809 2083 malum
837 2057 864 2082 et
891 2056 988 2082 contra

144 2105 233 2142 legem
255 2107 390 2132 naturae:
412 2111 479 2139 ergo
500 2106 550 2131 etc.
573 2102 607 2130 Sz'
627 2100 724 2134 dicas,
754 2100 828 2137 quod
861 2108 915 2128 non
947 2103 989 2128 est

145 2152 251 2180 malum
274 2151 428 2180 secundum
451 2158 491 2182 se,
514 2153 541 2178 et
562 2149 625 2178 ideo
640 2151 730 2186 potest
745 2148 806 2176 fieri
821 2148 907 2181 hene;
922 2147 990 2175 00ῐί-

144 2199 239 2227 citur:
261 2198 327 2235 quia
347 2197 488 2234 praecepit
509 2196 635 2224 Abrahae
655 2195 782 2224 occidere
803 2195 892 2223 filium
915 2195 990 2223 inno-

145 2248 252 2274 centem
274 2247 300 2273 et
321 2251 403 2281 quem
428 2243 531 2272 sciebat
559 2242 749 2276 innocentem,
778 2241 890 2270 Genesis
918 2242 990 2278 vige-

145 2293 215 2321 simo
230 2292 351 2320 secundo
362 2292 384 2325 ⁵3
399 2294 426 2319 et
441 2290 492 2319 lioc
506 2293 548 2318 est
569 2289 674 2317 malum
691 2289 846 2318 secundum
863 2297 906 2318 se:
923 2297 989 2325 ergo

146 2339 266 2373 videtur,
288 2338 362 2375 qnod
384 2338 459 2366 Deus
479 2337 565 2373 possit
586 2336 747 2373 praecipere
770 2336 884 2364 malum.

226 2384 250 2413 3.
274 2385 352 2417 item⁷
374 2383 488 2411 racione
510 2383 631 2411 videtur:
655 2382 720 2419 quia
741 2382 815 2410 Deus
836 2384 877 2410 est
905 2389 990 2418 super

212 2598 218 2612 ¹
237 2599 258 2620 ln
279 2598 328 2620 Vat.
347 2598 411 2619 deest
427 2596 468 2619 ire.

210 2638 218 2652 ἵ
237 2637 281 2660 Csr.
300 2644 370 2665 supra
389 2643 442 2664 pag.
460 2636 521 2663 775,
540 2639 591 2658 nota
609 2636 630 2657 2.

212 2676 222 2690 ³
240 2676 305 2698 Vers.
318 2676 343 2697 2:
360 2683 370 2695 «
382 2674 456 2702 Vade,
474 2680 539 2696 sume
558 2674 597 2696 tibi
617 2680 710 2696 uxorem
729 2674 903 2696 fornicationum
921 2676 942 2695 et
959 2673 993 2694 sac

149 2715 189 2738 tihi
208 2715 265 2737 finos
282 2715 458 2737 fornicationnm
471 2722 492 2735 υ.
512 2714 534 2735 S.
552 2713 662 2735 Bernardi
674 2714 786 2741 expositio
798 2714 819 2735 in
838 2713 899 2734 lntnc
917 2712 992 2734 locuni

150 2754 247 2776 habetur
264 2755 285 2775 in
304 2754 353 2775 cius
371 2753 428 2774 libro
446 2752 474 2774 dc
493 2752 616 2779 Praecepto
632 2755 654 2774 et
671 2752 772 2779 dispens.
790 2758 808 2773 (¹.
828 2752 848 2773 3.
867 2757 887 2772 n.
906 2751 934 2778 6,
953 2750 992 2772 ubi

150 2794 172 2815 S.
190 2793 273 2815 Doctor
290 2793 358 2814 ctiam
376 2792 404 2813 ‹le
422 2792 482 2813 sarto
500 2798 511 2813 a
530 2791 581 2813 filiis
598 2792 663 2813 lsrael
681 2792 702 2812 in
720 2791 824 2818 Aegypto
842 2791 912 2817 sacto,
930 2789 993 2817 quod

151 2833 172 2853 in
190 2838 237 2860 seq.
256 2833 393 2859 argumento
411 2833 612 2852 commemoratur.
630 2830 697 2852 dicit:
712 2830 833 2857 «Quorum
847 2829 925 2856 utique
943 2828 993 2849 alte-

151 2876 203 2892 rum
222 2869 326 2898 [sactum]
345 2869 400 2897 quid
419 2869 460 2890 nisi
478 2874 550 2896 grave
568 2869 619 2890 furti
636 2868 734 2896 facinus,
758 2869 855 2890 alterum
878 2866 932 2895 quid
952 2867 992 2887 nisi

152 2909 230 2936 flagitii
253 2908 371 2936 turpitudo
392 2911 551 2935 reputaretur,
569 2907 587 2928 si
605 2913 649 2928 non
675 2910 803 2929 excusasset
821 2910 944 2934 utrumque
966 2906 994 2926 t’a·

1245 1580 1251 1592 t

1043 1639 1154 1660 omnem
1178 1632 1278 1669 legem:
1301 1640 1368 1669 ergo
1390 1632 1415 1660 in
1438 1633 1514 1660 omni
1529 1633 1660 1661 mandato
1676 1637 1766 1670 potest
1780 1634 1889 1671 dispen-

1043 1686 1116 1707 sare:
1140 1686 1206 1715 ergo
1227 1682 1317 1715 potest
1337 1679 1462 1707 omnium
1484 1682 1696 1716 praeceptorum
1720 1683 1746 1709 et
1767 1681 1888 1717 prohibi-

1042 1726 1149 1753 tionum
1171 1725 1311 1754 contraria
1331 1726 1501 1763 praecipere.

1122 1774 1148 1801 lt.
1172 1773 1254 1807 Item7
1286 1773 1350 1809 plus
1372 1773 1456 1801 distat
1485 1781 1603 1801 non-ens
1635 1773 1669 1801 ab
1700 1777 1763 1802 ente
1803 1782 1887 1810 quam

1043 1819 1156 1847 maltam
1177 1828 1193 1847 a
1214 1820 1301 1852 bono;
1324 1820 1373 1848 sed
1401 1820 1475 1848 Deus
1504 1820 1562 1848 solo
1590 1820 1707 1857 imperio
1738 1820 1888 1849 voluntatis

1043 1875 1079 1895 ex
1101 1870 1231 1895 non-eme
1252 1867 1316 1895 facit
1338 1874 1398 1895 ens:
1421 1875 1488 1903 ergo
1510 1867 1569 1895 solo
1590 1867 1707 1904 imperio
1740 1867 1887 1896 voluntatis

1044 1921 1079 1942 ex
1102 1914 1175 1941 malo
1196 1913 1260 1942 facit
1281 1913 1403 1941 bonum:
1426 1921 1491 1950 ergo
1514 1916 1603 1950 potest
1626 1914 1785 1951 praecipere
1806 1914 1887 1948 mala,

1045 1964 1076 1989 ut
1098 1961 1218 1989 videtur.

1124 2007 1254 2035 CONTRA:
1284 2008 1307 2035 l.
1339 2007 1534 2043 Praeceptum
1565 2010 1607 2036 est
1637 2007 1747 2043 signum
1769 2007 2028 2041 divinaefflmdamenm.

1046 2054 1211 2082 voluntatis:
1234 2062 1300 2091 ergo
1322 2057 1371 2082 aut
1391 2058 1433 2083 est
1454 2054 1554 2082 falsum
1578 2054 1703 2090 signum,
1725 2062 1788 2082 cum
1809 2054 1889 2091 signi-

1045 2101 1116 2136 ticet,
1139 2101 1227 2129 Deum
1249 2101 1320 2130 velle
1342 2102 1417 2138 quod
1438 2101 1573 2138 praecipit
1583 2101 1600 2135 ⁶,
1621 2104 1670 2129 aut
1690 2101 1765 2130 Deus
1786 2101 1846 2129 vult
1860 2101 1889 2129 il-

1047 2147 1103 2175 lud.
1125 2147 1177 2176 Sed
1200 2148 1221 2176 si
1244 2148 1318 2176 Deus
1340 2148 1400 2176 vult
1426 2147 1547 2181 malum,
1580 2151 1621 2175 est
1653 2147 1744 2176 malus
1752 2158 1759 2181 3
1781 2147 1802 2175 si
1834 2155 1887 2175 non

1046 2195 1118 2229 vult,
1140 2197 1167 2223 et
1188 2195 1337 2231 praecipit,
1360 2198 1401 2223 est
1422 2194 1523 2229 falsus;
1545 2198 1571 2223 et
1593 2197 1745 2231 utrumque
1773 2197 1814 2222 est
1842 2194 1889 2223 im-

1045 2241 1177 2278 possibile
1199 2242 1275 2279 apud
1296 2241 1400 2270 Deum:
1423 2249 1489 2278 ergo
1510 2244 1561 2270 etc.

1126 2289 1151 2316 Ξ.
1173 2288 1255 2322 item,
1277 2288 1373 2316 nullus
1390 2288 1522 2317 obediens
1536 2288 1630 2317 divino
1644 2292 1791 2325 praecepto
1806 2289 1887 2317 debet

1046 2336 1151 2372 puniri:
1175 2343 1241 2372 ergo
1262 2335 1283 2364 si
1306 2335 1380 2364 Deus
1402 2338 1491 2372 potest
1513 2335 1618 2363 malum
1639 2336 1817 2373 praecipere,
1842 2344 1887 2372 po-

1045 2384 1099 2410 test
1120 2381 1225 2409 malum
1247 2381 1362 2418 impune
1383 2381 1453 2410 fieri.
1474 2381 1526 2410 Sed
1549 2381 1653 2409 malum
1676 2389 1820 2410 remanere
1841 2381 1889 2408 im-

1048 2599 1109 2618 ctum
1127 2597 1249 2617 :nn-toritas
1266 2596 1400 2623 imperantis
1414 2597 1437 2617 n?
1455 2595 1587 2617 Secundum
1605 2596 1708 2622 August.y
1725 2595 1792 2616 xxn.
1810 2598 1887 2616 contra

1049 2635 1164 2661 Faustum,
1183 2641 1200 2656 c.
1220 2635 1260 2661 89,
1279 2634 1314 2656 illa
1331 2634 1403 2656 verba
1421 2634 1483 2661 apud
1501 2634 1582 2656 Oseam
1600 2634 1726 2661 significant
1745 2634 1887 2655 vocationem

1049 2674 1167 2701 gentilium
1194 2673 1222 2695 ad
1243 2673 1326 2699 sidem,
1351 2676 1372 2694 et
1398 2673 1427 2695 al)
1452 2673 1533 2695 codem
1560 2674 1581 2695 S.
1608 2673 1702 2694 Doctorc
1728 2672 1783 2694 ibid.
1809 2678 1828 2694 c.
1852 2672 1888 2695 stt.

1049 2713 1117 2734 etiam
1143 2711 1197 2733 illud
1223 2712 1306 2733 sactum
1333 2712 1384 2733 furti
1411 2712 1505 2738 mystice
1531 2712 1661 2739 explicatur.
1686 2710 1797 2732 —Circa
1819 2711 1887 2732 finem

1050 2750 1178 2777 argumenti
1197 2755 1238 2776 pro
1254 2748 1315 2777 filio-s·
1331 2748 1496 2777 fornicationis
1515 2749 1563 2771 Vat.
1582 2755 1634 2771 cum
1653 2748 1702 2770 cod.
1720 2754 1745 2770 cc
1765 2747 1826 2778 (ilios
1841 2747 1887 2777 sor-

1049 2787 1162 2810 'nit-arios.

1112 2826 1120 2840 ⁴
1140 2826 1204 2848 Yors.
1224 2826 1259 2847 3fi.

1112 2865 1122 2879 ⁵
1140 2866 1204 2887 Vors.
1223 2865 1243 2886 Ξ.

1112 2903 1122 2917 ⁴³
1141 2904 1189 2925 Vat.
1207 2910 1259 2925 cuni
1278 2903 1328 2925 cod.
1346 2910 1371 2925 cc
1390 2904 1425 2925 liic
1442 2907 1461 2926 ct
1481 2904 1549 2931 paulo
1567 2906 1615 2931 post
1632 2902 1756 2932 praecepit.
