2215 3404
802 185 885 213 DIST.
908 185 985 213 XXV.
1007 185 1083 214 ART.
1107 187 1125 214 Ι.
1148 187 1282 222 QUAEST.
1305 187 1321 215 1.

180 273 246 294 sona
267 267 420 301 utrumque
442 263 586 300 importet,
608 262 711 291 scilicet
726 263 902 300 suppositum
922 265 948 291 et
963 270 1024 299 pro-

42 319 139 338 c0n01=1si0
148 319 164 336 ·1-
178 313 337 350 prietatem,
359 318 472 339 necesse
492 313 534 339 est
555 309 607 338 dici
624 310 779 338 secundum
794 309 978 338 substantiam
998 312 1024 338 et

179 358 334 388 secundum
355 358 527 387 relationem.
540 357 570 385 Et
585 364 648 385 cum
664 356 774 385 dicatur
789 356 944 385 secundum
961 355 1024 384 sub-

179 405 307 434 stantiam
323 408 350 433 et.
363 403 517 433 secundum
534 403 705 436 relationem,
720 402 903 439 principalius
921 402 1023 431 dicitur

41 459 164 478 conclusioa-
179 452 334 481 secundum
356 450 548 483 substantiam,
570 452 706 486 quantum
728 452 769 477 est
783 449 817 477 cte
835 448 969 486 generali
996 451 1023 477 et

178 498 268 535 primo
282 497 401 526 nominis
416 496 566 525 intellectu.
582 496 715 524 Persona
729 495 804 524 enim
818 495 884 524 dicit
899 495 1023 532 supposi-

177 548 237 573 tum
252 547 358 573 certum
375 543 560 577 substantiae,
575 542 633 571 sive
648 542 675 570 in
690 542 746 571 Deo
765 542 822 571 sive
838 542 866 570 in
877 542 1021 571 creaturis.

178 592 208 620 Et
223 592 288 620 huic
302 592 434 619 consonat
447 590 506 627 ipse
516 589 525 604 ¹
537 588 638 617 modus
653 588 761 617 dicendi
774 597 790 617 a
799 592 879 625 parte
893 589 1020 618 nominis.

179 638 232 667 Sed
253 640 389 675 quantum
410 639 452 665 est
473 636 506 664 cle
526 635 648 673 speeiali
666 638 693 664 et
713 636 813 664 ultimo
833 635 953 664 nominis
984 635 1022 664 in—

176 684 304 719 tellectu,
325 683 391 721 quia
411 683 478 712 dicit
506 683 681 719 suppositum
708 682 870 711 distinctum
898 681 1021 719 proprie-

38 738 162 757 c0uc1us103.
176 734 244 765 tate,
267 738 339 768 quae
360 732 402 759 est
422 730 533 765 relatio,
554 730 658 759 dicitur
679 730 705 758 in
728 729 785 757 Deo
806 729 960 757 seeundum
980 736 1021 757 re-

176 777 315 806 lationem.
337 777 367 805 Et
382 777 446 806 hinc
461 780 517 811 est,
532 777 607 814 quod
622 777 713 805 Sancti
728 779 754 805 et
769 776 896 805 doctores
910 775 1019 810 dicunt,

175 831 275 852 nomen
303 832 446 860 personae
471 823 625 852 secundum
654 822 838 852 substantiam
862 822 928 856 dici,
957 821 1020 850 licet

174 871 258 900 etiam
279 871 435 900 secundum
456 870 619 899 relationem
641 870 759 899 dicatur.

252 917 305 946 Sed
326 917 436 946 obiiciet
456 917 568 954 aliquis:
584 924 649 945 cum
670 916 714 945 isti
728 916 819 950 modi,
842 915 945 945 scilicet
965 915 1017 944 dici

56 971 158 990 Obiicitur.
174 964 330 993 secundum
351 963 543 998 substantiam,
558 966 586 992 et
606 963 660 991 dici
675 963 831 992 secundum
846 962 1018 997 relationem,

173 1010 298 1040 dividant
318 1011 430 1039 nomina
451 1009 567 1039 divina²
598 1017 634 1038 ex
662 1009 800 1047 opposito,
831 1012 863 1037 ut
893 1009 1018 1043 videtur,

174 1060 222 1086 aut
243 1065 298 1086 non
312 1059 445 1094 poterunt
459 1056 578 1085 inveniri
593 1056 621 1085 in
636 1056 733 1085 eodem
744 1079 751 1090 ,
766 1059 815 1085 aut
828 1056 898 1085 illud
918 1064 1018 1085 nomen

37 1112 162 1138 suano-curn
175 1104 298 1141 implicat
310 1104 338 1132 in
354 1111 382 1133 se
397 1104 530 1141 opposita.
543 1120 581 1123 —
593 1104 786 1140 Et‘propterea
797 1103 1018 1139 intelligendum,

35 1135 161 1154 d¹⁵²¹¹¹⁰²¹⁰¹³⁹‘
175 1150 262 1188 quod,
279 1150 350 1180 sicut
365 1150 430 1179 dicit
452 1150 607 1179 Richardus
628 1142 665 1179 de
684 1152 779 1178 sancto
800 1149 910 1178 Victore
920 1149 938 1183 ³,
959 1149 1020 1177 diei

174 1197 332 1226 seeundum
355 1196 552 1225 substantiam
567 1199 609 1226 est
624 1196 791 1234 dupliciter:
807 1200 856 1225 aut
870 1196 1018 1225 indicando

175 1244 358 1273 substantiam
380 1243 536 1272 secundum
556 1246 700 1272 natm-ani
722 1251 913 1277 eonnnnnem,
932 1246 958 1271 et
979 1242 1018 1271 sic

174 1290 276 1319 dicitur
298 1289 381 1318 honio
401 1289 557 1318 secundum
579 1289 783 1323 substantiam3
803 1292 852 1317 aut
871 1289 1018 1318 indicando

174 1336 358 1365 substantiam
369 1339 401 1365 ut
414 1336 599 1373 suppositum
610 1340 731 1370 eertum,
746 1339 778 1364 ut
792 1336 914 1374 quidam
926 1334 1016 1364 aomo.

173 1384 265 1412 Primo
286 1383 369 1412 modo
390 1383 483 1412 dicere
504 1383 688 1412 substantiam
709 1386 751 1412 est
772 1383 865 1412 dicere
880 1383 964 1421 qaid,
980 1390 1019 1411 se-

173 1430 265 1460 cundo
286 1430 369 1459 modo
397 1433 439 1459 est
467 1430 560 1459 dicere
591 1430 727 1468 aliquem.
759 1430 825 1459 Dico
846 1438 921 1466 ergo,
943 1430 1018 1467 quod

173 1485 274 1506 nomen
304 1476 442 1505 essentiae
473 1476 518 1505 vel
546 1476 717 1505 substantiae
739 1476 841 1505 dicitur
862 1476 1017 1505 secundum

173 1523 375 1558 substantiam,
397 1523 463 1560 quia
483 1522 587 1551 indicat
605 1525 736 1551 naturam
751 1530 947 1557 communem;
969 1522 1018 1551 sed

168 1570 298 1607 persona
319 1570 420 1598 dicitur
442 1569 597 1598 secundum
612 1569 796 1598 substantiam
808 1592 815 1604 ,
830 1569 896 1606 quia
916 1569 1018 1598 indicat

173 1617 347 1654 suppositum
370 1620 478 1645 certum
493 1620 521 1645 et
535 1617 706 1645 distinctum.
720 1617 823 1645 Natura
838 1619 932 1645 autem
947 1624 1019 1644 com-

172 1663 266 1692 munis
286 1671 340 1691 non
362 1663 564 1700 multiplicatur
584 1671 636 1692 nec
655 1663 778 1692 refertur
789 1674 796 1698 3
818 1666 845 1692 et
858 1663 921 1692 ideo
942 1663 1017 1700 quod

173 1710 239 1740 dicit
273 1711 456 1740 substantiam
487 1711 643 1740 secundum
680 1713 809 1739 naturam
840 1718 1017 1739 communem

172 1757 210 1785 ita
230 1757 332 1786 dicitur
353 1757 389 1786 ad
403 1764 445 1792 se,
461 1757 536 1794 quod
556 1757 634 1786 nullo
649 1757 732 1786 modo
746 1760 836 1794 potest
850 1757 904 1786 dici
921 1764 1018 1785 secun-

172 1803 241 1832 dum
262 1804 441 1838 relationem3
462 1807 489 1833 et
509 1804 562 1833 1100
583 1804 697 1841 quidem
718 1804 802 1833 modo
823 1804 958 1833 dividitur
979 1811 1016 1832 ex

172 1851 305 1888 opposito.
327 1850 517 1888 Suppositam
537 1853 631 1880 autem
659 1851 718 1880 sive
739 1850 895 1888 hypostasis
919 1853 1016 1879 natum

172 1899 214 1926 est
234 1897 388 1934 plurificari
409 1900 436 1926 et
456 1897 492 1926 ad
513 1897 590 1926 aliud
612 1898 768 1935 comparari
789 1900 816 1926 et
843 1898 881 1926 ita
908 1897 1015 1926 referri.

172 1944 204 1972 Et
224 1944 299 1981 quod
314 1944 353 1972 sic
375 1944 477 1973 dicitur
498 1944 653 1973 secundum
668 1944 866 1979 substantiam,
881 1944 951 1973 nihil
969 1944 1017 1972 im-

171 1990 248 2028 pedit
268 1991 375 2019 ratione
396 1991 538 2019 relationis
559 1991 757 2028 superadditae
778 1991 832 2020 dici
861 1991 1016 2020 secundum

172 2037 350 2071 relationem,
372 2040 399 2066 et
420 2037 472 2066 1100
493 2037 554 2066 vult
575 2038 668 2066 dicere
689 2038 845 2067 Richardus
866 2038 900 2067 de
921 2040 1016 2067 sancto

172 2083 289 2112 Victore.

251 2130 326 2159 Patet
346 2138 413 2167 ergo
434 2131 578 2168 responsio
608 2131 644 2160 ad
672 2131 779 2160 obiecta
800 2131 892 2160 omnia
921 2139 1016 2160 secun-

32 2184 162 2226 dfflqffigtffi
172 2177 240 2206 dum
259 2179 410 2214 utramque
430 2180 548 2214 partem.
569 2177 783 2206 Concedendum
804 2181 845 2207 est
866 2178 956 2212 enim,
970 2186 1016 2206 110-

34 2234 149 2254 argumento-
170 2231 234 2252 men
251 2232 394 2261 personae
415 2224 571 2252 secundum
591 2224 788 2253 substantiam
809 2225 882 2260 dici,
910 2228 942 2253 ut
969 2233 1016 2254 ex-

32 2259 79 2273 mm.
171 2270 304 2308 plicatum
319 2273 375 2305 est,
390 2270 462 2299 sicut
476 2270 573 2300 dicunt
594 2271 684 2299 Sancti
706 2274 733 2300 et
749 2271 869 2300 rationes
883 2271 1014 2308 probant3

232 2449 239 2464 ¹
257 2450 307 2471 Vat.
325 2455 378 2472 cum
396 2450 444 2472 solo
461 2449 512 2472 cod.
529 2456 554 2472 cc
572 2450 655 2473 omittit
671 2449 725 2479 ipse.

231 2487 241 2502 ²
257 2488 318 2510 Multi
336 2487 402 2510 codd.
429 2490 454 2510 ut
469 2487 510 2511 AC
521 2488 589 2510 F‘KL
600 2487 617 2510 O
628 2488 645 2510 T
656 2488 675 2510 Y
702 2490 743 2511 010.
762 2495 816 2511 011111
833 2491 933 2519 antiquis
958 2490 1011 2512 edd.

170 2526 226 2554 (exc.
245 2526 275 2555 t.)
292 2531 378 2549 nomen
393 2525 506 2549 divinum.
518 2526 573 2548 Dein
592 2533 636 2548 non
654 2527 721 2554 pauci
739 2527 806 2550 codd.
819 2534 872 2550 cum
892 2528 928 2550 ed.
951 2529 955 2550 l
978 2534 1012 2550 ex-

169 2564 247 2587 hibent
261 2565 390 2593 potuerant
406 2571 449 2592 pro
462 2566 588 2594 poterunt,
608 2566 694 2588 omisso
711 2566 807 2594 insuper
823 2567 898 2594 primo
915 2568 964 2589 ant.

234 2603 243 2618 ³
259 2603 320 2626 Libr.
338 2603 374 2625 lV.
392 2603 420 2626 (10
449 2604 511 2626 Trin.
537 2610 556 2626 c.
576 2604 616 2632 19,
634 2604 673 2627 ubi
700 2604 768 2627 dicit:
787 2605 904 2628 Timentes
920 2606 1011 2635 itaque,

169 2642 209 2664 ubi
227 2648 271 2665 non
289 2646 322 2665 051
339 2643 417 2671 timor,
444 2646 505 2665 recte
529 2644 635 2666 timerent
652 2644 728 2672 fateri⁷
755 2650 865 2672 personas
882 2645 1012 2667 secundum

169 2681 318 2703 substantiam
336 2681 394 2710 diri,
412 2683 431 2704 si
447 2688 545 2710 persona
562 2683 695 2710 simpliciter
711 2683 860 2705 substantiale
878 2689 928 2706 esse
945 2684 1012 2711 signi-

169 2719 257 2747 ticaret,
276 2726 318 2742 nec
339 2720 424 2749 aliquid
442 2720 630 2748 consignificaret.
654 2721 770 2749 Significat
787 2724 870 2749 autem,
890 2721 1011 2744 habentem

169 2758 316 2780 substantiale
343 2765 393 2781 esse
420 2764 447 2780 ex
469 2759 544 2788 aliqua
567 2760 676 2787 singulari
700 2761 845 2788 proprietate.
875 2760 927 2782 ldeo
955 2766 1011 2788 ergo

170 2796 265 2819 fidenter
282 2798 386 2825 fatemur,
404 2803 514 2825 personas
530 2798 552 2820 in
579 2798 695 2821 divinitate
712 2799 841 2821 secundum
859 2799 1010 2821 substantiam

171 2836 241 2858 dictas
266 2838 288 2858 et
312 2835 461 2858 substantiam
485 2837 627 2865 significare,
645 2840 667 2860 et
684 2838 761 2865 plures
778 2838 809 2860 ibi
826 2844 948 2867 personas,
966 2844 1010 2860 non

170 2875 247 2903 plures
264 2874 401 2897 substantias
418 2882 478 2903 0550;
496 2877 549 2905 quia
567 2880 619 2899 sunt
636 2876 666 2899 ibi
684 2878 761 2905 plures
779 2877 888 2900 babentes
906 2884 978 2899 111111111
990 2881 1012 2900 et

170 2914 301 2937 indifferens
318 2920 368 2936 esse
384 2920 411 2936 ex
429 2914 539 2937 dill'erenti
560 2917 705 2943 proprietate.
728 2916 806 2938 Unitas
831 2917 907 2944 itaque
925 2916 955 2938 ibi
978 2918 1012 2938 est

171 2954 230 2975 iuxta
243 2953 339 2976 modum
356 2954 461 2982 essendi,
478 2955 595 2983 pluralitas
612 2956 671 2977 iuxta
689 2957 786 2979 niodum
802 2955 924 2979 existendi:
938 2956 1012 2977 unitas

1867 193 1924 222 437

1082 263 1119 292 ita
1151 264 1222 292 enim
1254 264 1411 301 inteHIgunt
1443 266 1503 294 diei
1532 268 1692 296 seeundtnn
1720 269 1923 299 substantiam.

1081 310 1294 339 Concedendum
1316 315 1358 340 est
1379 312 1573 347 nihilominus,
1595 314 1648 342 dici
1671 315 1831 343 seetmdmn
1852 316 1924 345 rela-

1082 358 1202 391 tionem,
1225 357 1288 386 lieet
1308 366 1363 387 non
1385 359 1422 387 ita
1442 359 1641 396 principaliter,
1664 361 1735 390 sicut
1750 362 1869 398 probant
1883 371 1924 391 ra-

1080 404 1168 433 tiones
1190 407 1351 441 sequentes,
1373 406 1504 442 quoniam
1520 406 1671 435 multitudo
1685 408 1850 437 relationum
1866 409 1924 446 plu-

1080 450 1170 479 rificat
1191 451 1279 487 ipsam
1302 459 1458 488 personam.

1159 500 1185 526 7.
1206 498 1245 527 Ad
1266 498 1336 527 illud
1358 501 1450 527 tamen
1472 500 1547 536 quod
1568 500 1706 535 obiicitur,
1721 502 1796 538 quod
1811 510 1923 539 respon-
1936 509 2007 527 Salutio
2017 509 2062 527 1117-

1947 534 1965 550 et
1981 532 1999 550 8.
2012 538 2051 555 arg.
2058 547 2062 554 ,

1079 544 1162 573 detur
1183 545 1216 573 ad
1239 545 1430 581 quaestionem
1451 546 1551 574 factam
1565 555 1617 583 per
1631 547 1718 585 qnid,
1740 549 1805 585 quia
1820 556 1855 577 ex
1870 549 1922 578 hoc
1948 556 1997 578 quod
2015 556 2065 574 dica-

1948 582 1977 597 tur
2000 584 2065 597 secuu-

1078 594 1172 628 posset
1192 591 1319 620 concludi
1331 592 1348 626 ⁴,
1364 593 1438 629 quod
1460 601 1514 621 non
1530 596 1638 622 tantum
1654 594 1719 623 dicit
1738 595 1921 624 substantiam
1948 603 2000 633 atum,
2020 603 2063 621 suh-

1077 641 1109 666 ut
1131 638 1323 675 suppositum,
1346 639 1395 667 sed
1416 639 1500 667 etiam
1522 643 1553 668 ut
1574 644 1703 669 naturam
1725 649 1902 671 communem
1914 654 1921 677 3
1946 627 2039 644 s‘antfflm‘

1078 683 1237 718 dicendum,
1259 684 1334 721 quod
1355 684 1428 722 qaid
1448 684 1598 721 aliquando
1620 686 1730 723 quaerit
1748 688 2042 722 essentiam,rt-inlicita

1078 729 1229 767 supposito,
1242 730 1309 767 quid
1324 734 1366 759 est
1386 731 1461 768 quod
1481 740 1531 768 per
1545 740 1647 761 nomen
1662 733 1772 768 dicitur,
1787 737 1832 762 ut:
1853 735 1920 771 quid
1939 722 2041 766 flfffftiiiiff

1076 780 1118 806 est
1132 777 1234 805 homo?
1250 777 1280 806 Et
1294 778 1369 815 quod
1391 779 1576 815 respondetur
1591 779 1626 808 ad
1642 779 1713 809 hanc
1728 781 1919 817 quaestionem

1077 823 1180 852 indicat
1199 823 1397 853 substantiam
1416 833 1491 861 pare
1511 828 1539 854 et
1559 827 1723 861 essentiam,
1744 827 1856 864 quando
1880 831 1921 856 est

1076 870 1202 907 quaestio
1210 870 1245 899 de
1256 870 1419 899 substantia.
1434 871 1597 909 Aliquando,
1613 873 1756 909 supposita
1768 881 1834 902 voce
1849 874 1922 903 inde-

1076 917 1239 951 terminate,
1261 917 1383 954 quaerit,
1398 918 1466 954 quid
1477 926 1532 955 per
1546 927 1649 947 nomen
1664 919 1791 954 dieitm‘,
1813 920 1883 949 510111
1899 921 1921 949 51

1076 964 1200 993 dicatur:
1217 964 1366 993 Brunellus
1381 964 1484 999 currit,
1500 967 1527 993 et
1541 969 1708 1002 quaeratur:
1726 966 1793 1003 quid
1809 966 1922 996 Brunel-

1076 1010 1139 1039 lus?
1160 1013 1257 1039 utrum
1270 1010 1374 1039 scilicet
1388 1011 1482 1046 homo,
1497 1011 1541 1040 vel
1556 1012 1659 1041 asinus.
1674 1012 1842 1050 Aliquando,
1859 1022 1922 1052 sup-

1076 1058 1165 1094 posita
1186 1057 1341 1094 quidditate
1369 1060 1396 1086 et
1427 1057 1641 1095 significatione,
1670 1060 1779 1096 quaerit
1807 1061 1841 1089 de
1870 1069 1920 1096 eo,

1076 1107 1208 1141 ‘respecta
1228 1104 1315 1132 enias
1336 1104 1438 1133 dicitur
1460 1112 1560 1133 nomen
1582 1105 1759 1143 dependens,
1779 1110 1811 1136 ut
1832 1108 1854 1136 si
1883 1108 1922 1136 di-

1076 1153 1170 1179 catur:
1192 1150 1248 1179 albi
1270 1153 1406 1185 currunt,
1427 1151 1474 1179 et⁵
1495 1155 1664 1188 quaeratur,
1686 1153 1753 1190 qnid
1774 1154 1855 1182 albi?
1876 1163 1921 1191 po-

1078 1199 1129 1225 test
1149 1197 1331 1234 responderi:
1353 1198 1489 1232 homines,
1521 1198 1565 1227 vel
1587 1199 1665 1228 asini.
1695 1200 1725 1228 Et
1753 1200 1805 1229 hoc
1836 1201 1919 1229 modo

1076 1244 1257 1281 quaesierunt
1277 1244 1422 1273 haeretici:
1447 1244 1514 1281 quid
1536 1244 1612 1273 tres?
1634 1245 1703 1282 Quia
1727 1246 1826 1275 beatus
1848 1247 1921 1275 loan-

1077 1298 1126 1319 nes
1147 1290 1259 1319 dixerat
1280 1291 1308 1318 in
1335 1291 1427 1328 prima
1454 1291 1605 1326 Canonica,
1635 1292 1755 1329 capitulo
1784 1293 1917 1330 quinto⁰:

1082 1338 1152 1365 Tres
1173 1340 1241 1365 sant
1263 1337 1315 1375 qui
1334 1338 1531 1366 testimonium
1552 1339 1623 1366 (tant
1643 1342 1703 1374 010.,
1725 1340 1917 1376 quaesierunt:

1076 1384 1143 1421 quid
1165 1384 1241 1412 tres?
1261 1400 1300 1404 ——
1320 1392 1385 1413 cum
1407 1385 1442 1413 sit
1462 1385 1631 1414 adiectivum
1653 1386 1711 1420 siue
1732 1386 1918 1422 substantivo,

1076 1434 1103 1459 et
1114 1434 1180 1459 tnnc
1195 1431 1283 1468 magis
1298 1431 1408 1468 quaerit
1421 1431 1605 1468 suppositum
1620 1440 1704 1469 quam
1720 1433 1919 1461 essentiam—

1075 1480 1102 1506 et
1123 1477 1185 1506 ideo
1204 1477 1389 1514 suppositum
1410 1480 1452 1506 est
1473 1485 1654 1514 responsum,
1676 1481 1703 1507 et
1724 1479 1776 1507 hoc
1796 1487 1847 1516 per
1875 1488 1920 1508 no-

1075 1532 1139 1552 men
1155 1532 1293 1561 persona.
1315 1523 1407 1558 Unde,
1422 1524 1527 1561 Spiritu
1548 1527 1642 1553 sancto
1662 1529 1844 1562 suggerente,
1859 1534 1920 1563 per-

1074 1571 1178 1608 optime
1206 1573 1233 1599 et
1257 1570 1387 1599 nobiliter
1412 1574 1440 1599 et
1461 1571 1610 1605 catholice,
1632 1572 1704 1600 sicut
1724 1572 1789 1601 dicit
1811 1573 1920 1602 Richar-

1075 1618 1157 1652 dus⁷‚
1179 1617 1322 1654 respondit
1342 1617 1478 1652 Ecclesia3
1499 1620 1526 1646 et
1546 1618 1628 1647 valde
1649 1618 1719 1647 bene
1740 1622 1767 1647 et
1787 1619 1919 1649 instinctu

1075 1665 1193 1701 Spiritus
1208 1664 1310 1697 sancti,
1325 1664 1397 1693 sicut
1408 1664 1474 1693 dicit
1488 1664 1658 1699 Richardus,
1673 1666 1761 1702 magis
1776 1666 1919 1703 respondit

1074 1712 1127 1740 hoc
1147 1719 1248 1740 nomen
1269 1719 1354 1748 quam
1375 1711 1460 1740 aliud.

1153 1758 1206 1786 Sed
1228 1760 1293 1786 tunc
1314 1761 1408 1795 posset
1429 1758 1543 1795 quaeri:
1565 1766 1652 1796 quare
1673 1759 1830 1788 haereticus
1862 1768 1917 1788 non
1929 1767 2017 1793 Quaestio
2030 1767 2058 1786 m-

1073 1804 1211 1841 quaesivit
1230 1811 1282 1841 per
1302 1804 1355 1832 1100
1383 1804 1613 1841 interrogativum
1634 1804 1708 1842 qai?
1736 1807 1763 1833 et
1790 1805 1916 1840 videtur,
1941 1791 2012 1809 cmm

1073 1851 1148 1888 quod
1170 1851 1320 1880 debuisset.
1342 1851 1369 1880 Si
1390 1851 1462 1880 enim
1478 1852 1632 1889 quaerebat
1653 1852 1687 1880 de
1701 1853 1849 1889 supposito
1861 1875 1870 1887 ‚
1889 1856 1916 1882 et

1073 1898 1125 1937 qai
1138 1898 1248 1935 quaerit
1262 1898 1296 1927 de
1311 1898 1454 1935 supposito
1466 1909 1473 1933 ;
1494 1898 1591 1927 debuit
1606 1906 1753 1936 quaerere:
1775 1899 1827 1937 qai
1840 1899 1915 1928 tres?

1153 1945 1183 1973 Et
1197 1945 1233 1973 ad
1247 1945 1300 1973 hoc
1314 1948 1356 1973 est
1370 1945 1522 1982 responsio,
1537 1945 1612 1982 quod
1627 1945 1679 1983 qai
1688 1946 1797 1982 quaerit
1808 1946 1843 1974 de
1854 1954 1917 1983 sup·
1930 1954 2007 1972 sunno.

1072 1992 1162 2029 posito
1182 1995 1275 2025 certo,
1298 1991 1356 2021 sive
1376 1992 1458 2026 reali3
1480 1995 1507 2020 et
1527 1992 1562 2021 de
1583 1992 1631 2020 illo
1652 2000 1707 2021 non
1728 1993 1914 2030 quaerebant,

1073 2039 1138 2075 quia
1158 2038 1186 2067 in
1217 2038 1314 2067 eadem
1336 2038 1500 2067 auctoritate
1531 2038 1663 2067 subditur
1676 2039 1701 2067 ⁸:
1724 2039 1825 2073 Pater,
1846 2040 1916 2068 Ver-

1074 2085 1141 2113 bmn
1161 2088 1187 2113 et
1207 2084 1338 2121 Spiritus
1358 2088 1497 2118 sanetus;
1518 2085 1567 2114 sed
1588 2085 1759 2122 quaerebant
1790 2085 1825 2114 de
1853 2094 1916 2123 sup-

1071 2131 1178 2168 posito,
1199 2134 1329 2168 respectu
1350 2131 1430 2160 cuius
1450 2131 1503 2160 hoc
1524 2131 1599 2168 quod
1619 2134 1661 2160 est
1673 2135 1730 2160 tres
1744 2132 1916 2169 significatur

1072 2178 1100 2206 in
1121 2177 1291 2206 adiacentia:
1314 2180 1341 2206 et
1362 2178 1424 2207 ideo
1439 2173 1526 2214 magis
1542 2178 1739 2215 quaesierunt:
1762 2179 1834 2216 quiet
1844 2182 1914 2212 tres,

1072 2233 1156 2262 quam
1178 2225 1230 2263 qai
1251 2228 1316 2253 tres.
1338 2225 1381 2254 Sic
1401 2225 1476 2254 enim
1497 2225 1620 2262 oportuit
1641 2225 1723 2254 unico
1744 2226 1855 2254 nomine
1875 2234 1916 2255 re-

1072 2271 1226 2309 spondere,
1248 2274 1275 2300 et
1295 2270 1347 2308 ipsi
1369 2271 1421 2300 1100
1442 2271 1621 2309 quaerebant.

1069 2452 1190 2479 essentiae,
1204 2452 1257 2480 quia
1275 2458 1347 2474 unum
1359 2453 1381 2473 et
1394 2451 1524 2473 indifferens
1541 2457 1603 2479 055ος
1625 2450 1703 2479 plures
1719 2457 1842 2479 personae,
1860 2452 1913 2480 quia

1069 2491 1147 2519 plures
1164 2491 1301 2513 existentiae.

1131 2528 1139 2543 4
1152 2529 1210 2557 Vat.,
1228 2529 1397 2557 refragantibus
1414 2528 1481 2551 codd.
1500 2531 1521 2551 et
1538 2528 1574 2550 ed.
1588 2528 1607 2556 l,
1625 2529 1646 2551 et
1662 2534 1692 2551 ex
1709 2527 1752 2551 1100
1766 2529 1841 2557 potest
1858 2534 1909 2551 con-

1068 2568 1138 2592 cladi.

1131 2607 1140 2621 5
1157 2608 1207 2629 Vat.
1226 2612 1278 2629 cum
1297 2606 1347 2629 cod.
1366 2612 1391 2628 cc
1408 2612 1453 2628 11011
1471 2607 1597 2633 incongrue
1614 2606 1650 2627 liic
1666 2606 1747 2633 repetit
1764 2604 1791 2628 si.

1130 2646 1139 2660 ⁶
1156 2646 1221 2668 Vers.
1240 2644 1261 2667 7.

1130 2684 1139 2699 ⁷
1156 2684 1216 2706 Libr.
1235 2684 1270 2706 lV.
1290 2684 1318 2706 de
1337 2684 1399 2706 Trin.
1412 2690 1431 2706 c.
1444 2683 1464 2705 5.
1484 2683 1570 2712 (quoad
1587 2683 1698 2711 sensum),
1716 2682 1755 2705 ubi
1775 2685 1796 2705 et
1813 2689 1912 2711 sequens

1068 2726 1140 2746 textus
1156 2725 1234 2745 exstat.
1246 2735 1278 2739 —
1290 2723 1312 2744 ln
1325 2723 1401 2750 primo
1413 2724 1474 2744 textu
1492 2722 1542 2744 cod.
1561 2721 1578 2743 O
1590 2720 1723 2744 notabiliter
1740 2727 1782 2749 pro
1794 2720 1909 2749 nobiliter,

1067 2764 1089 2783 ct
1105 2761 1192 2789 aliquot
1216 2761 1282 2783 codd.
1308 2767 1361 2783 011111
1388 2761 1437 2783 Vat.
1456 2761 1492 2782 hic
1509 2763 1531 2783 et
1548 2761 1569 2782 in
1587 2760 1689 2782 secundo
1711 2762 1772 2782 textu
1789 2759 1913 2789 respondet

1068 2806 1110 2828 pro
1127 2799 1253 2828 respondit.
1270 2811 1302 2816 ——
1318 2800 1387 2822 Paulo
1405 2802 1456 2822 ante
1473 2799 1523 2821 Vat.
1542 2805 1594 2821 cum
1612 2798 1662 2821 cod.
1681 2804 1706 2821 (το
1723 2799 1745 2821 et
1760 2798 1794 2821 sic
1808 2804 1853 2827 pet·
1869 2798 1912 2822 hoc

1067 2844 1153 2861 nomen.
1169 2844 1212 2866 pro
1229 2838 1251 2860 et
1267 2837 1310 2861 hoc
1326 2843 1472 2867 peritomen.

1130 2876 1140 2891 8
1156 2877 1224 2905 Epist.
1242 2877 1256 2898 1.
1275 2877 1334 2899 loan.
1352 2883 1371 2899 c.
1390 2877 1410 2904 5,
1428 2876 1449 2898 7.
1466 2888 1498 2892 —
1515 2876 1564 2898 Mox
1582 2876 1631 2898 Vnt.
1649 2878 1739 2904 praeter
1756 2875 1825 2897 sideni
1843 2875 1909 2898 codd.

1068 2918 1090 2938 ct
1106 2915 1142 2938 ed.
1161 2916 1169 2937 »1
1191 2914 1309 2945 significat
1326 2922 1368 2943 pro
1384 2914 1540 2945 significatur.
