2215 3404
10 1715 20 1734 d
32 1716 102 1740 opposi-

664 133 747 161 DIST.
770 133 882 162 XXXIV.
904 133 976 161 A‘RT.
999 133 1114 162 UNlCUS
1135 134 1269 170 QUAEST.
1292 135 1320 163 11.

1807 141 1863 169 589

860 295 1120 332 SCHOLION.

180 455 194 477 l.
212 454 308 478 Natura
326 455 361 476 hic
378 454 461 476 dicitur
481 455 529 482 ipsa
555 455 651 476 essentia
677 453 766 481 divina,
790 456 904 482 quatenus
926 455 960 475 est

115 492 313 515 communicabilis
328 492 401 515 tribus
421 493 537 521 personis;
554 498 593 515 res
612 493 715 515 naturae
735 492 864 515 secundum
882 492 903 513 S.
924 492 959 513 Hi-

115 532 197 554 larium
209 538 222 553 a
239 532 381 554 Scholasticis
398 531 480 554 dicitur
491 531 624 561 hypostasis
635 532 684 553 sive
696 531 842 559 suppositum
861 530 911 559 (cfr.
924 537 959 553 su-

116 577 158 599 pra
174 570 197 593 d.
214 571 250 593 23.
267 577 287 593 a.
307 571 326 593 l.
344 577 366 599 q.
384 571 405 593 2.
423 571 545 599 Scholion).
564 582 594 587 -
610 570 642 592 De
659 569 776 593 additione
794 569 823 592 ad
835 571 957 598 naturam,

116 615 186 638 quam
203 610 260 631 ratio
275 614 390 638 personae
407 610 521 637 importat,
547 609 586 631 cfr.
614 615 683 637 supra
701 608 723 631 d.
742 608 778 630 25.
804 615 824 630 a.
847 609 863 630 1.
889 615 911 637 q.
939 609 958 630 11.

116 648 229 670 Scholion.
240 660 272 664 —
288 647 336 670 Sub
353 647 438 676 duplici
457 650 561 676 respectu
581 649 624 670 hoc
642 648 692 670 loco
718 648 876 676 quaestionem
894 647 959 675 solvi,

115 692 142 709 ex
159 687 210 714 ipso
227 688 287 709 textu
305 688 372 714 patet.
391 686 439 708 Sub
457 686 558 709 secundo
576 688 681 714 respectu
699 686 721 713 (a
738 687 803 713 parte
819 686 861 714 rei)
874 686 959 707 nullam

115 725 265 748 differentiam
282 725 410 747 secundum
436 731 485 748 rem
502 727 561 747 inter
584 728 688 748 naturam
713 728 736 747 et
756 731 879 752 personam
905 726 959 752 poni

115 770 193 792 posse,
211 764 357 786 manifestum
374 767 414 787 est.
432 764 478 786 Sed
494 767 548 786 tunc
565 765 637 786 oritur
658 764 770 792 dubium,
794 763 823 785 ab
846 764 958 786 intellectu

115 803 226 831 humano⁷
244 803 324 825 saltem
341 802 480 831 adaequate,
500 808 543 824 non
556 802 706 830 solvendum,
725 802 844 830 quomodo
856 808 909 824 cum
922 803 959 824 tali

115 842 272 869 suppositione
289 844 348 863 stare
365 842 437 869 possit
455 842 522 863 realis
540 841 653 863 distinctio
671 846 830 869 personarum.
856 840 890 862 Ad
916 842 959 863 hoc

115 880 211 903 dubium
230 880 373 909 aliquatenus
391 880 529 902 solvendum
547 880 568 902 S.
586 880 670 901 Doctor
687 880 784 901 recurrit
795 879 823 901 ad
842 880 885 901 hoc
898 880 960 907 prin-

114 921 213 948 cipium,
230 919 293 948 quod
311 925 409 947 persona
432 921 506 941 creata
531 918 598 941 valde
611 918 685 941 differt
710 917 739 940 ab
756 919 870 945 increata,
896 919 960 947 quod

115 958 220 987 pluribus
235 958 362 980 rationibus
378 959 499 980 evincitur.
518 958 649 985 Principalis
666 960 742 980 tamen
760 957 885 979 differentia
904 958 959 980 haec

115 1000 149 1020 est
165 997 204 1023 (ad
222 997 260 1026 1.),
278 997 342 1026 quod
359 998 488 1025 hypostasis
505 999 579 1019 creata
597 1003 608 1019 a
627 1000 706 1019 natura
725 996 799 1019 differt
816 1003 857 1024 per
873 996 959 1025 aliquid

114 1035 261 1064 absolutum,
281 1035 358 1058 divina
376 1039 451 1059 autem
470 1036 599 1064 hypostasis
617 1035 691 1057 differt
702 1042 713 1057 a
728 1038 806 1057 natura
819 1040 861 1062 per
873 1035 957 1063 aliquid

1017 454 1150 478 relativum.
1169 455 1216 477 lloc
1233 455 1339 477 Richard.
1357 462 1369 477 a
1387 456 1445 478 Med.
1464 456 1510 481 (hic
1527 463 1547 478 a.
1562 458 1581 479 1.
1600 464 1621 486 q.
1643 458 1671 485 l.)
1689 459 1722 480 sie
1741 459 1863 486 explanat:

1019 502 1029 513 (ι
1043 493 1119 516 Differ(
1137 500 1235 522 persona
1253 494 1282 516 ab
1300 495 1396 516 essentia
1414 494 1546 517 secundum
1560 497 1684 524 rationem⁷
1699 503 1742 519 non
1755 498 1814 519 sicut
1831 497 1863 520 di-

1017 533 1104 560 cimus,
1123 532 1229 555 attributa
1248 533 1376 555 secundum
1394 534 1505 556 rationem
1518 534 1609 557 ditlerre
1620 553 1625 563 ‚
1637 535 1678 557 sed
1690 540 1785 564 propter
1802 536 1863 559 diffe-

1017 573 1104 593 rentem
1122 570 1221 594 modum
1237 577 1261 594 se
1279 570 1389 600 habendi,
1408 573 1459 601 quia
1479 573 1500 594 in
1519 573 1589 595 modo
1605 580 1630 596 se
1647 574 1746 596 habendi
1765 575 1793 597 ad
1812 575 1863 597 alte-

1017 615 1069 632 rum
1087 609 1195 632 differunt
1212 610 1340 632 secundum
1358 611 1533 633 affirmationem
1546 615 1567 633 et
1579 613 1736 641 negationem,
1749 614 1802 642 quia
1813 620 1863 641 per-

1017 654 1071 670 sona
1089 654 1113 670 se
1131 647 1199 670 habet
1217 648 1246 670 ad
1263 648 1344 676 alium,
1362 650 1458 671 essentia
1472 655 1528 671 vero
1546 656 1602 678 non,
1615 653 1637 672 et
1649 652 1746 673 essentia
1758 658 1782 673 se
1795 651 1863 674 habet

1017 686 1131 714 absolute,
1150 693 1247 714 persona
1265 693 1321 710 vero
1340 694 1384 709 non
1395 696 1416 709 ».
1435 688 1492 710 Tota
1510 689 1553 719 hae
1565 690 1709 718 quaestione,
1728 691 1863 718 pracsertim

1017 725 1129 748 solutione
1146 725 1176 747 ad
1193 726 1214 753 6,
1232 728 1254 748 et
1271 727 1313 748 isto
1331 727 1381 748 loco
1399 727 1506 749 Richardi
1532 734 1557 749 ea
1581 734 1639 756 quae
1657 735 1726 756 supra
1745 728 1776 757 (d.
1791 730 1827 751 26.
1840 736 1863 758 q.

1017 766 1037 787 1.
1050 766 1165 794 Scholion)
1180 765 1208 787 de
1225 766 1369 788 distinctione
1387 766 1541 789 attributionis
1559 766 1671 795 diximus,
1689 767 1862 790 confirmantur.

1080 805 1102 826 ll.
1120 805 1181 826 Alex.
1204 805 1260 829 Hal„
1286 805 1307 827 S.
1326 811 1348 833 p.
1380 805 1394 827 l.
1412 812 1434 834 q.
1461 805 1498 827 56.
1516 811 1546 827 m.
1566 805 1587 827 7.
1606 812 1625 828 a.
1648 806 1665 827 1.
1684 807 1822 834 2.—Scot.,
1841 808 1863 828 in

1016 846 1113 872 utroque
1131 844 1219 871 Scripto
1238 844 1273 866 hic
1292 850 1313 872 q.
1335 844 1352 865 1.
1371 844 1432 866 —S.
1452 844 1543 872 Thom.,
1562 845 1598 866 hic
1615 852 1637 873 q.
1660 846 1676 867 l.
1695 852 1714 867 a.
1737 846 1795 873 l;S.
1809 846 1822 867 l.
1841 852 1863 875 q.

1016 883 1052 905 39.
1065 889 1084 905 a.
1105 883 1124 905 l.
1136 894 1168 898 —
1184 883 1207 904 B.
1226 882 1319 911 Albert.y
1338 884 1374 905 hic
1392 890 1411 905 a.
1428 884 1446 905 l.
1465 884 1489 911 2;
1508 884 1529 905 S.
1543 890 1565 911 p.
1579 884 1593 906 l.
1607 886 1633 906 tr.
1657 884 1689 906 10.
1708 891 1729 913 q.
1743 884 1779 906 44.
1798 891 1828 907 m.
1843 884 1863 913 4,

1015 924 1037 944 et
1054 928 1076 950 q.
1094 921 1130 943 43.
1148 927 1178 944 m.
1197 923 1218 944 2.
1236 928 1255 943 a.
1275 922 1294 944 l.
1312 934 1343 938 —
1360 922 1416 944 Petr.
1440 928 1451 943 a
1476 922 1537 950 Tar„
1563 923 1599 945 hic
1617 930 1638 951 q.
1662 923 1678 945 l.
1705 930 1725 945 a.
1746 924 1765 945 1.
1793 924 1813 945 2.
1832 936 1864 940 —

1016 961 1122 983 Richard.
1141 967 1152 982 a
1165 961 1231 988 Med,
1250 961 1287 983 hic
1303 968 1323 983 a.
1343 962 1362 983 l.
1382 967 1403 989 q.
1423 961 1442 983 11.
1462 962 1483 983 2.
1500 973 1532 977 —-
1549 961 1623 989 sligid.
1641 962 1675 989 R„
1694 962 1730 983 hir
1748 963 1768 984 l.
1792 962 1863 990 princ.

1016 1006 1037 1029 q.
1057 1000 1076 1022 l.
1094 1000 1246 1027 —Durand.‚
1265 1001 1301 1022 hic
1318 1006 1340 1029 q.
1355 1001 1374 1023 1.
1393 1001 1413 1027 2,
1431 1003 1453 1023 et
1464 1000 1487 1022 d.
1500 1000 1536 1022 33.
1555 1007 1576 1029 q.
1598 1001 1616 1022 l.
1629 1013 1660 1017 ·——
1672 1001 1764 1028 Dionys.
1777 1000 1862 1025 Carth„

1016 1040 1052 1061 hic
1069 1046 1091 1068 q.
1112 1040 1130 1061 l.
1148 1051 1180 1055 —
1196 1039 1254 1067 Eiet,
1272 1040 1309 1061 hie
1318 1046 1339 1068 q.
1357 1040 1431 1061 unica.

882 1181 1044 1218 QUAEsuo
1067 1183 1095 1210 u.

375 1316 479 1344 Utrum
501 1316 532 1344 io
553 1316 662 1344 divinis
680 1324 809 1353 persona
826 1316 1016 1352 praedicetur
1039 1315 1072 1344 cle
1092 1319 1215 1350 'natm-a,
1237 1320 1261 1344 el
1282 1320 1396 1345 victitaret
1417 1317 1451 1345 cle
1469 1326 1606 1354 persona.

193 1473 320 1502 Secundo
340 1472 499 1510 quaeritur,
521 1476 617 1501 utrum
634 1472 661 1500 in
677 1472 779 1500 divinis
801 1473 836 1501 sit
858 1480 960 1509 ponere

115 1520 365 1558 praedicationem,
387 1519 491 1548 seilicet
513 1522 543 1547 ut
566 1526 611 1547 res
632 1522 749 1547 naturae
765 1519 822 1547 sive
841 1527 961 1555 persona

114 1566 291 1604 praedicetur
313 1566 347 1594 de
368 1569 482 1598 natura.
505 1565 547 1594 vel
563 1573 578 1594 e
599 1573 743 1593 converso.
760 1565 789 1593 Et
802 1565 877 1602 quod
892 1573 959 1595 non.

114 1613 233 1642 videtur.

195 1661 218 1688 1.
241 1659 372 1688 Boethius
393 1659 420 1687 in
444 1659 515 1687 libro
536 1659 570 1687 de
593 1659 760 1687 Trinitate1:
786 1659 891 1687 «Deus
919 1662 960 1688 est

113 1706 202 1735 forma
223 1706 281 1735 sine
303 1706 427 1734 subiecto
438 1717 465 1737 »;
488 1706 536 1734 sed
558 1706 605 1734 uhi
628 1714 682 1733 non
711 1708 753 1734 est
785 1705 959 1734 subiectum.
988 1705 989 1712 ¹

113 1761 166 1782 non
189 1757 231 1782 est
251 1752 458 1789 praedicatum:
481 1760 547 1789 ergo
568 1755 619 1780 etc.

191 1801 216 1828 Ξ.
240 1800 319 1833 ltem,
340 1799 488 1836 Dionysius
501 1799 509 1812 ²
532 1799 607 1833 dicit,
628 1799 703 1835 quod
721 1799 904 1835 «negationes
926 1799 960 1827 de

113 1847 169 1876 Deo
184 1850 249 1876 suut
263 1854 362 1880 verae,
376 1846 575 1874 affirmationes
588 1854 654 1874 vero
669 1846 857 1882 incompactae
865 1857 892 1879 »;
912 1846 960 1874 sed

113 1893 161 1922 ubi
182 1897 224 1921 est
246 1900 310 1921 vere
332 1892 437 1929 aliquid
460 1893 495 1920 de
516 1892 609 1929 aliquo
627 1892 805 1928 praedicare,
821 1895 862 1920 est
877 1892 959 1920 etiam

115 1948 180 1969 vere
200 1939 342 1968 affirmare
350 1950 357 1974 ;
380 1939 428 1968 sed
451 1939 477 1967 in
500 1939 556 1967 Deo
577 1947 631 1967 nou
654 1939 786 1975 contingit
808 1947 873 1967 vere
889 1939 961 1967 affir-

116 1994 207 2015 mare:
230 1994 296 2023 ergo
317 1989 368 2015 ete.

196 2034 220 2062 3.
243 2034 325 2067 Item,
348 2034 400 2062 hoe
422 2033 513 2070 ipsum
536 2033 649 2061 videtur
671 2033 800 2061 ratione:
823 2034 888 2070 quia
902 2033 961 2061 uhi—

117 2089 236 2118 cumque
257 2084 298 2109 est
318 2080 502 2117 praedicatio,
525 2080 561 2108 ihi
583 2083 625 2108 est
646 2080 803 2117 complexio
832 2083 858 2108 et
890 2088 961 2109 com-

116 2127 246 2165 positi0³;
267 2127 315 2156 sed
338 2127 365 2155 in
385 2127 441 2155 Deo
468 2127 546 2155 nulla
574 2130 615 2156 est
637 2127 810 2163 complexio,
836 2134 903 2164 ergo
934 2130 961 2155 et

116 2174 193 2203 nulla
214 2173 389 2211 compositio:
413 2182 479 2211 ergo
500 2176 527 2202 et
548 2173 625 2202 nulla
640 2173 818 2210 praedicatio.

195 2221 371 2254 h..1ten1,in
399 2220 473 2248 omni
506 2220 712 2257 praedicatione
744 2220 902 2249 subiectum
931 2228 960 2249 se

119 2267 201 2296 habet
222 2268 257 2296 ad
278 2268 393 2296 modum
416 2268 564 2302 materiae3
586 2268 634 2296 sed
658 2268 685 2296 iu
717 2268 819 2296 divinis
844 2275 895 2296 nec
920 2271 962 2296 est

118 2314 241 2350 reperire
262 2314 408 2342 materiam
429 2321 479 2342 nec
501 2314 615 2342 modum
637 2314 782 2342 materiae:
815 2321 881 2351 ergo
911 2321 962 2342 uec

118 2361 360 2397 praedicationem.

198 2409 223 2436 5
246 2408 327 2442 item„
350 2408 371 2436 si
394 2411 435 2436 est
456 2407 492 2436 ihi
515 2407 697 2444 praedicatio,
716 2410 764 2435 aut
783 2407 962 2444 praedit-atur

1017 1472 1093 1500 idem
1115 1473 1148 1500 (le
1170 1473 1283 1506 eodem,
1306 1476 1355 1501 aut
1376 1473 1461 1501 aliud
1482 1474 1515 1502 (Ie
1536 1474 1604 1502 alio.
1628 1474 1653 1502 Si
1676 1474 1749 1502 idem
1773 1474 1806 1502 (Ie
1824 1482 1864 1502 eo-

1017 1519 1094 1553 dem,
1117 1520 1212 1548 nullus
1234 1528 1270 1548 ex
1293 1520 1345 1549 hoe
1366 1521 1474 1557 eapitur
1497 1520 1654 1549 intellectus
1674 1521 1755 1555 alius,
1778 1529 1861 1557 quam

1017 1565 1037 1594 si
1061 1574 1114 1593 nou
1136 1569 1209 1595 esset
1230 1567 1411 1603 praedicatio,
1428 1570 1458 1595 ut
1473 1570 1549 1604 patet
1563 1575 1627 1595 cum
1643 1567 1760 1595 dicitur:
1778 1567 1862 1595 hoino

1017 1616 1058 1641 est
1079 1613 1170 1641 homo.
1194 1613 1219 1641 Si
1242 1613 1327 1641 aliud
1347 1614 1380 1642 (Ie
1395 1614 1473 1642 alio:
1489 1622 1556 1651 ergo
1571 1614 1598 1642 in
1614 1614 1715 1643 divinis
1730 1617 1771 1643 est
1786 1614 1862 1643 aliud

1017 1662 1044 1689 et
1064 1660 1157 1694 aliud,
1179 1668 1245 1697 ergo
1267 1660 1436 1697 compositio.

1097 1708 1121 1735 6.
1144 1707 1223 1740 Item,
1245 1707 1267 1735 si
1289 1710 1331 1736 est
1353 1707 1389 1735 ihi
1412 1707 1598 1744 praedicatio,
1620 1711 1668 1736 aut
1683 1708 1860 1745 praedicatur

1018 1762 1064 1781 res
1085 1758 1214 1782 'naturae
1236 1754 1270 1782 de
1292 1758 1416 1787 matura,
1438 1758 1486 1783 aut
1507 1762 1522 1783 e
1544 1763 1687 1783 converso.
1710 1756 1764 1783 Res
1778 1759 1862 1783 iirtzu-

1017 1809 1069 1829 rae
1090 1809 1143 1829 non
1166 1804 1256 1838 potest
1277 1801 1431 1838 praedicari
1456 1801 1490 1830 de
1511 1805 1640 1835 maura,
1663 1802 1729 1838 quia
1749 1810 1796 1830 res
1812 1810 1863 1830 uct-

1018 1850 1103 1875 turae
1125 1855 1153 1876 se
1174 1848 1259 1876 hahet
1280 1856 1329 1884 per
1351 1848 1467 1876 modum
1489 1849 1636 1885 suppositi:
1660 1856 1726 1885 ergo
1748 1849 1808 1877 eius
1823 1852 1864 1878 est

1018 1894 1132 1928 subiici,
1154 1902 1209 1922 uon
1231 1895 1406 1931 praedicari:
1430 1903 1496 1932 ergo
1522 1895 1543 1923 si
1576 1895 1772 1931 praedicatur,
1799 1899 1864 1924 tunc

988 1967 989 1974 ,
1016 1949 1082 1978 ergo
1105 1944 1216 1969 marma
1238 1941 1272 1970 (16
1295 1950 1326 1969 re
1340 1945 1476 1970 naturae.
1493 1941 1549 1970 Sed
1567 1946 1687 1970 eontra:
1704 1946 1805 1970 natura
1822 1946 1864 1971 est

1017 1988 1121 2020 formam
1143 1988 1191 2016 sed
1214 1988 1304 2017 omnis
1332 1988 1422 2017 forma
1444 1988 1546 2017 dieitur
1578 1988 1694 2017 relative
1716 1989 1750 2017 ad
1782 1989 1864 2017 infor-

1018 2036 1140 2067 matum,
1162 2034 1271 2062 nullum
1293 2037 1386 2063 autem
1409 2034 1558 2062 relativum
1580 2034 1682 2063 dicitur
1711 2035 1745 2063 de
1774 2034 1861 2063 alio&

1017 2088 1082 2117 ergo
1103 2084 1215 2108 natura
1238 2089 1291 2109 non
1314 2081 1493 2118 praedicatur
1522 2081 1556 2110 de
1578 2089 1607 2109 re
1637 2084 1765 2110 naturae:
1796 2089 1873 2119 ergo

1017 2135 1072 2155 non
1093 2130 1135 2155 est
1155 2128 1332 2164 praedicatio.

1097 2175 1122 2201 7.
1144 2174 1230 2208 Item,
1262 2182 1333 2211 quae
1366 2175 1468 2203 hahent
1496 2175 1637 2211 oppositas
1664 2175 1862 2211 proprietates.

1017 2228 1105 2248 unum
1127 2228 1181 2248 non
1204 2221 1381 2257 praedicatur
1404 2222 1437 2249 de
1459 2221 1560 2255 altero;
1582 2221 1631 2250 sed
1653 2221 1787 2250 essentiae
1817 2222 1861 2250 vel

1017 2270 1135 2296 naturae
1156 2268 1314 2305 proprietas
1345 2271 1386 2297 est
1418 2268 1700 2303 communicabilitas>
1728 2276 1863 2305 personae

1018 2321 1085 2342 vero
1106 2315 1416 2344 incommunicabilitas:
1440 2323 1506 2352 ergo
1528 2323 1616 2343 unum
1639 2315 1674 2344 de
1695 2315 1783 2343 altero
1809 2323 1863 2343 non

1017 2361 1205 2397 praedicatur,
1227 2369 1277 2390 nee
1292 2370 1348 2390 una
1362 2370 1481 2399 persona
1496 2362 1530 2390 de
1545 2361 1644 2390 altera:
1661 2365 1768 2390 constat
1782 2369 1861 2398 ergo

1019 2407 1056 2435 ibi
1078 2408 1184 2436 nullam
1206 2416 1266 2437 esse
1288 2409 1521 2445 praedicationem
1533 2408 1551 2436 ⁵.

184 2630 189 2644 ¹
209 2630 262 2658 Cap.
281 2632 307 2653 2:
336 2631 415 2653 Divina
445 2631 570 2654 substantio
599 2633 647 2654 sine
673 2633 767 2655 materia
790 2633 861 2655 forma
881 2634 960 2654 est...

122 2669 193 2691 forma
212 2671 272 2692 enim
290 2673 338 2698 est;
357 2671 443 2692 formae
461 2677 517 2693 vero
535 2671 651 2694 subiectae
669 2678 718 2694 esse
737 2678 781 2694 non
800 2673 902 2699 possunt.

182 2709 190 2723 “-
209 2709 268 2731 Libr.
288 2709 315 2731 de
333 2709 427 2731 Caelest.
446 2710 504 2732 Hier.
524 2716 543 2732 e.
562 2711 581 2732 2.
600 2710 612 2728 Ε
631 2711 656 2732 3;
675 2709 705 2732 Αἱ
723 2708 761 2740 μὲν
780 2704 904 2739 ἀποφάσεις
927 2707 962 2730 ἐπὶ

122 2748 164 2768 τῶν
182 2746 245 2769 θείων
264 2743 364 2776 ἀληθεῖς,
382 2747 404 2769 αἱ
428 2746 449 2769 δὲ
479 2747 615 2778 καταφάσεις
633 2744 782 2779 ἀνάρμοστοι.
801 2749 822 2771 ln
842 2752 901 2771 textu
920 2755 962 2776 pro

122 2785 292 2816 incompactae,
321 2787 383 2815 quod
409 2790 442 2809 ost
466 2788 580 2810 versionis
605 2789 665 2810 Seoti
691 2789 813 2816 Erigonae,
840 2787 962 2810 Corderius

122 2825 235 2848 substituit
252 2826 405 2855 ioetcovqrucle.

183 2865 192 2878 Ἰ
210 2864 254 2887 Csr.
272 2866 370 2893 Ariston,
389 2865 417 2887 <lc
435 2865 574 2888 praedit-am.
593 2867 651 2888 cirea
671 2867 772 2894 initium,
790 2865 829 2888 ubi
848 2865 962 2893 agion-dv

129 2903 257 2932 romplroeis
269 2907 289 2925 rt
303 2903 474 2933 iou-ompleoeis;
490 2910 516 2925 m·
534 2904 548 2926 l.
566 2904 689 2926 Periherm.
708 2910 726 2926 ‹·.
746 2904 766 2925 3.
784 2910 839 2932 seq,
858 2903 897 2925 ubi
915 2903 963 2930 agi—

1019 2634 1056 2653 tur
1080 2631 1108 2653 de
1129 2629 1199 2653 verbo
1222 2633 1243 2652 et
1269 2629 1435 2653 ruminatione.
1463 2642 1495 2646 —
1512 2630 1562 2652 Vat.
1581 2636 1634 2652 cum
1652 2629 1702 2652 cod.
1721 2636 1746 2652 cc
1764 2632 1816 2657 post
1832 2628 1864 2652 ibi

1019 2671 1053 2693 est
1069 2669 1199 2698 complerem
1217 2670 1321 2691 intel-licit
1337 2675 1399 2698 erqo.
1427 2669 1448 2690 ln
1466 2669 1543 2691 multis
1565 2669 1632 2691 codd.
1651 2671 1672 2691 et
1689 2668 1725 2691 ed.
1745 2669 1752 2690 =l
1775 2668 1863 2691 doside-

1019 2712 1082 2731 ratur
1101 2708 1178 2729 ultima
1196 2708 1327 2730 conclusio:
1345 2713 1401 2737 erqo
1419 2708 1441 2730 et
1456 2707 1525 2730 milla
1540 2706 1694 2736 praedicatio.

1082 2746 1090 2761 ⁴
1108 2747 1150 2769 Pro
1168 2746 1214 2769 also
1233 2747 1282 2768 Vat.
1300 2749 1322 2769 et
1339 2747 1389 2769 cod.
1408 2753 1433 2768 cc
1446 2747 1529 2768 clarius
1540 2752 1584 2769 suo
1596 2745 1750 2774 correlative,
1771 2746 1798 2768 (le
1817 2752 1863 2774 quo

1020 2787 1059 2808 ct'r.
1087 2786 1184 2812 Ariston,
1212 2785 1239 2807 dr
1263 2785 1401 2807 Praedicam.
1428 2791 1446 2807 c.
1474 2785 1501 2807 de
1530 2784 1653 2814 Oppositis.
1671 2785 1720 2807 lllox
1739 2788 1790 2812 post
1807 2790 1863 2814 erqo

1021 2830 1065 2847 non
1084 2825 1117 2847 esi
1134 2824 1200 2846 codd.
1219 2825 1262 2846 Bl]
1280 2824 1311 2846 bb
1329 2830 1381 2846 cum
1399 2824 1435 2846 ed.
1455 2825 1462 2846 =l
1485 2824 1543 2846 bene
1561 2825 1698 2846 interserunt
1715 2823 1751 2846 ibi.

1082 2868 1091 2877 >
1109 2863 1180 2885 Codd.
1210 2864 1308 2891 PQW,
1334 2864 1418 2885 omisso
1445 2863 1518 2885 verbo
1543 2864 1646 2891 constal,
1675 2862 1780 2885 brevius:
1806 2869 1861 2892 eryt)

1020 2902 1086 2924 nullu
1105 2903 1139 2924 est
1154 2901 1185 2924 [Izi
1200 2901 1352 2931 praedii-atio.
