2215 3404
5 2559 7 2629 l

3 2635 7 2698 l

15 823 44 842 Ad
56 823 130 847 opposi-

51 849 96 865 tum.

8 1565 138 1584 Fundamenta.

645 207 728 249 DIST.
750 207 839 235 xxxi.
861 207 886 234 P.
908 207 927 234 I.
948 207 1021 235 ΛΒΤ.
1043 206 1159 235 UNICUS
1180 207 1316 243 QUAEST.
1337 207 1376 235 ΙΙΙ.

1826 211 1881 238 537

900 340 1061 376 QUAESTIO
1082 340 1122 368 III.

364 451 470 479 Utrum
490 450 616 487 aequalis
639 454 665 478 et
687 449 786 478 similis
807 449 969 477 seeundum
989 452 1126 477 mutuam
1149 449 1318 478 relationem
1340 450 1370 478 in
1391 451 1500 479 divinis
1521 452 1668 480 ‹ticcwztmx

222 582 313 610 Tertio
334 581 488 618 quaeritur,
509 584 606 609 utrum
628 581 771 618 praedicta
791 580 919 616 nomina,
937 580 986 609 sci-

143 627 207 656 licet
228 627 360 666 aequalis
374 630 401 656 et
414 627 530 661 similis,
552 627 644 656 dicant
664 630 792 655 mutuam
810 627 985 661 relationem,

142 674 298 702 secundum
319 681 403 710 quam
426 673 504 702 Pater
526 673 600 707 Filio,
628 676 655 702 et
676 673 759 702 Filius
780 673 853 702 Patri
885 673 919 702 sit
943 681 986 701 ae-

142 719 241 757 qualis.
264 720 295 748 Et
316 719 391 756 quod
413 727 483 753 non,
505 719 631 747 videtur:

223 767 246 794 t.
268 766 338 802 Quia
359 766 513 794 secundum
535 765 697 802 Dionysium
710 766 729 793 ¹:
757 766 810 794 «In
825 765 985 794 causalibus

142 820 197 841 non
219 813 368 849 recipimus
388 812 632 849 reciprocationem
645 823 672 846 »3
694 813 743 841 sed
759 813 837 841 Pater
857 816 898 841 est
912 813 985 849 prin-

143 859 246 896 cipium
268 859 337 887 Filii:
360 867 426 896 ergo
448 867 501 887 non
524 859 596 888 cadit
618 859 655 887 ibi
678 859 873 896 reciprocatio,
895 863 926 887 ut
948 859 985 887 di-

143 909 223 935 catur
243 906 322 935 Pater
343 906 467 943 aequalis
488 906 562 934 Filio.

221 954 248 981 ⁹2.
269 953 345 987 Item,
366 953 418 981 hoc
440 953 550 981 videtur
570 952 702 986 7·cttione;
723 953 788 990 quia
806 953 880 981 enim
902 953 985 982 Filius

143 999 241 1028 similis
263 1002 304 1028 est
326 999 414 1033 Patri,
436 999 498 1027 ideo
513 999 615 1027 dicitur
631 999 784 1028 similitudo
802 991 986 1037 Patrisz'ergo

143 1045 166 1074 si
187 1053 202 1073 e
233 1053 366 1074 converso
388 1045 467 1073 Pater
488 1048 529 1073 est
550 1045 649 1074 similis
670 1045 736 1073 Filio
757 1046 894 1082 perfecte,
920 1053 986 1082 ergo

143 1091 230 1121 Pater
244 1095 285 1120 est
306 1092 459 1120 similitudo
480 1092 547 1120 Filii.
570 1092 639 1121 Haec
660 1094 753 1121 autem
770 1100 823 1120 non
839 1093 985 1129 recipitur:

143 1146 209 1175 ergo
229 1141 281 1167 etc.

222 1184 247 1213 3.
270 1185 345 1219 Item,
367 1185 414 1221 qui
437 1188 478 1213 est
499 1185 625 1221 aequalis
646 1185 692 1213 alii
713 1185 867 1213 secundum
889 1193 988 1222 aequa-

144 1231 248 1260 litatem
270 1231 320 1260 sibi
343 1231 532 1268 adaequatur:
555 1231 575 1259 si
603 1239 669 1268 ergo
700 1232 779 1260 Pater
800 1234 842 1260 est
862 1232 986 1268 aequalis

142 1278 221 1311 Filio,
252 1286 318 1315 ergo
339 1278 362 1306 ei
378 1278 387 1292 ²
409 1278 599 1315 adaequatur;
621 1286 740 1314 quaero:
763 1286 776 1305 a
801 1281 875 1315 quo?
901 1281 950 1306 aut
970 1287 987 1306 a

142 1316 258 1358 sejam
279 1325 314 1352 ab
336 1324 403 1352 atio.
426 1325 482 1353 Non
505 1333 520 1353 a
541 1332 586 1358 se,
608 1324 674 1361 quia
695 1325 864 1361 quicumque
886 1327 987 1361 aequat

144 1379 173 1400 se
194 1371 256 1403 alii.
277 1371 383 1408 aliquid
409 1371 464 1407 agit
496 1372 522 1399 in
555 1379 599 1404 se;
621 1371 670 1399 sed
692 1371 770 1399 Pater
791 1371 860 1399 niliil
882 1372 937 1408 agit
959 1372 986 1400 in

144 1425 185 1451 se,
207 1425 274 1454 ergo
295 1425 348 1445 non
371 1418 545 1454 adaequatur
566 1426 616 1446 nec
638 1426 654 1445 a
676 1425 720 1451 se:
742 1426 792 1446 nec
814 1418 849 1446 ab
870 1418 923 1446 alio
944 1426 987 1447 ae—

145 1466 262 1501 quatur:
285 1471 351 1500 ergo
372 1472 425 1492 nou
449 1467 490 1492 est
510 1464 635 1500 aequalis
655 1464 729 1492 Filio.

222 1510 345 1538 Commi:
375 1511 397 1537 l.
420 1510 514 1538 Simile
536 1513 562 1539 et
583 1511 699 1547 aequale
721 1513 786 1539 sunt
807 1510 924 1538 relativa
946 1519 987 1539 ae-

144 1556 347 1593 quiparantiae3
363 1556 410 1585 sed
423 1556 475 1584 ista
490 1556 670 1585 denominant
684 1556 864 1585 consimiliter
879 1560 988 1585 utrum-

143 1610 198 1639 que
228 1602 426 1631 extremum³z
448 1611 514 1639 ergo
545 1603 567 1631 si
600 1603 683 1631 Filius
704 1606 746 1631 est
774 1603 872 1632 similis
895 1604 985 1639 Patri.

141 1650 203 1686 pari
223 1649 330 1677 ratione
352 1649 431 1677 Pater
452 1652 493 1677 est
514 1649 612 1678 similis
633 1649 708 1677 Filio.

221 1696 246 1723 2.
268 1695 353 1730 Item,
375 1695 446 1723 ratio
461 1695 651 1723 similitudinis
672 1698 714 1724 est
728 1696 927 1724 conuenientia
942 1696 986 1725 vel

143 1740 339 1779 indifferentia
360 1742 388 1770 in
409 1742 542 1779 qualitate
563 1742 607 1770 vel
629 1742 799 1776 substantia;
822 1743 870 1771 sed
892 1751 988 1771 conve-

141 1788 252 1816 nientia
273 1789 426 1825 aequaliter
447 1788 560 1825 respicit
584 1792 737 1825 utrumque
763 1792 937 1824 extremum,
960 1793 987 1819 et

142 1832 369 1871 indifferentia&
391 1842 457 1871 ergo
479 1835 501 1863 si
523 1834 607 1863 Filius
628 1837 669 1863 est
690 1834 852 1863 indifferens
873 1835 943 1863 Patri
960 1838 987 1863 et

142 1888 157 1909 e
178 1888 321 1915 converso,
342 1882 421 1910 Pater
442 1885 484 1910 est
505 1881 603 1909 similis
626 1881 699 1909 Filio.

221 1927 247 1955 3.
269 1927 352 1962 Item,
374 1936 455 1956 omne
470 1928 578 1964 plurale
594 1928 715 1964 geminat
729 1936 813 1956 suum
833 1928 973 1964 singulare
980 1940 986 1962 3

142 1973 192 2002 sed
213 1974 282 2002 haec
309 1975 486 2003 conceditur:
514 1975 593 2003 Pater
625 1977 652 2003 et
672 1975 757 2003 Filius
786 1978 851 2003 sunt
882 1975 987 2003 similes

1043 583 1069 609 et
1090 580 1233 617 aequales,
1255 588 1322 617 ergo
1344 581 1422 609 Pater
1437 584 1478 610 est
1492 582 1603 617 similis3
1620 591 1738 619 quaero:
1758 584 1821 612 cui?
1836 588 1885 613 aut

1041 626 1108 660 sibi,
1130 630 1178 655 aut
1199 627 1281 655 atii5.
1303 627 1361 655 Non
1381 627 1450 656 sibi:
1473 636 1539 665 ergo
1561 629 1623 657 atii.

1357 742 1566 765 CONCLUSIO.

1042 844 1144 872 Similis
1175 848 1201 872 et
1220 844 1344 880 aequalis
1366 845 1396 872 in
1427 845 1535 873 (livinis
1553 846 1693 874 (licuntur
1723 848 1884 876 secundam

1120 894 1255 919 mutuam
1277 891 1463 925 relationem,
1484 896 1573 928 prout
1592 892 1762 929 simpliciter
1784 894 1885 923 dicunt

1121 937 1350 965 convenientiam
1373 938 1403 965 in
1424 939 1585 976 qttctottitate
1605 943 1630 967 et
1650 940 1807 977 qualium,-
1827 949 1885 969 iton

1120 992 1206 1017 vero,
1227 989 1315 1020 prout
1335 985 1541 1021 superaddunt
1561 986 1703 1014 rationem
1725 987 1858 1024 oriqinis.

1122 1092 1298 1120 RESPONnm:
1320 1092 1489 1128 Dicendum,
1511 1094 1586 1130 quod
1607 1095 1713 1123 similis
1734 1098 1760 1124 et
1781 1104 1886 1134 aequa·
1899 1109 2003 1127 nisumuo.

1043 1138 1079 1166 tis
1101 1138 1250 1175 dupliciter
1272 1139 1463 1176 accipiuntur:
1495 1144 1543 1168 aut
1568 1144 1652 1177 prout
1673 1142 1769 1170 dicunt
1790 1152 1885 1171 comre-

1042 1185 1183 1213 nimzti'am
1199 1185 1226 1213 in
1241 1186 1393 1222 quantitate
1415 1187 1458 1215 vel
1473 1187 1619 1224 qualitate,
1634 1191 1683 1216 aut
1701 1193 1785 1225 prout
1800 1198 1885 1226 supra

1043 1231 1262 1259 convenientiam
1284 1232 1398 1260 addunt
1412 1233 1591 1262 imitationem
1612 1234 1656 1262 vel
1677 1235 1884 1271 expressionem

1043 1277 1203 1314 perfectam.
1225 1277 1316 1306 Primo
1338 1279 1452 1315 quidem
1474 1280 1555 1307 modo
1578 1283 1642 1308 sunt
1657 1280 1773 1309 relativa
1794 1282 1884 1318 aequi-
1897 1295 2021 1313 conuusioi.

1043 1324 1201 1360 parantiae‚
1223 1327 1250 1352 et
1271 1325 1403 1353 dicuntur
1424 1326 1460 1353 ad
1481 1327 1707 1361 convertentiam,
1730 1328 1884 1356 secundum

1043 1371 1117 1407 quod
1139 1371 1258 1407 probant
1279 1372 1399 1400 rationes
1421 1373 1543 1400 secundo
1566 1373 1702 1402 inductae.
1723 1374 1781 1402 Alio
1803 1375 1884 1403 modo

1041 1417 1148 1445 similis
1180 1420 1206 1445 et
1237 1418 1370 1455 aequati-5
1401 1418 1508 1447 addunt
1539 1427 1624 1455 super
1653 1420 1726 1448 1106ὃ
1749 1420 1883 1449 rationem

1042 1463 1167 1500 oriyinis
1180 1480 1219 1483 —
1233 1464 1307 1492 unde
1329 1465 1461 1502 aequatis
1481 1465 1583 1493 dicitur
1598 1466 1676 1502 quasi
1691 1466 1884 1504 adaequatus,

1042 1510 1195 1548 etvsimitz's
1217 1511 1295 1547 quasi
1317 1511 1500 1539 assimitatus
1522 1528 1559 1531 —
1581 1512 1632 1540 hoc
1654 1512 1736 1541 modo
1750 1521 1804 1540 non
1826 1521 1885 1541 con-
1894 1527 1992 1545 Comum
2005 1528 2022 1546 ρ,

1042 1556 1117 1585 venit
1142 1557 1194 1585 nisi
1209 1557 1233 1585 ei
1248 1557 1295 1594 qui
1311 1561 1352 1586 est
1366 1557 1401 1585 ab
1416 1557 1515 1592 altero,
1527 1561 1554 1586 et
1569 1558 1620 1587 hoc
1634 1559 1717 1587 modo
1731 1559 1886 1595 procedunt

1042 1603 1148 1639 primae
1170 1604 1310 1637 rationes,
1331 1604 1406 1641 quod
1426 1605 1504 1633 Pater
1533 1613 1587 1633 non
1609 1605 1711 1633 dicitur
1734 1605 1886 1634 similitudo

1043 1649 1099 1677 Filii
1122 1658 1172 1686 per
1194 1650 1391 1685 imitationem,
1422 1659 1473 1679 nec
1500 1655 1637 1688 aequatur
1658 1651 1723 1680 Filio
1744 1660 1794 1688 per
1815 1660 1886 1680 ema-

1042 1697 1181 1725 nationem
1203 1697 1238 1725 ab
1259 1697 1329 1731 alio,
1350 1697 1398 1726 sed
1420 1701 1521 1734 aequat
1542 1698 1593 1726 sibi
1616 1698 1723 1727 Filium.

1123 1743 1202 1780 Quod
1224 1746 1316 1772 tamen
1338 1744 1404 1772 dicit
1425 1744 1590 1781 Dionysius,
1618 1745 1691 1781 quod
1717 1753 1770 1773 non
1792 1746 1928 1784 recipi-Aa
1942 1758 2004 1782 [ψη

1043 1797 1106 1818 mus
1136 1790 1381 1826 reprrocationem
1404 1793 1471 1825 etc:
1493 1791 1617 1827 loquitur
1639 1791 1673 1820 de
1701 1799 1784 1820 causa
1798 1792 1805 1805 ⁷
1826 1800 1886 1829 pro-
1911 1784 1972 1800 mum·

1042 1836 1117 1873 prie,
1149 1840 1233 1873 prout
1264 1836 1356 1865 differt
1390 1837 1425 1865 al)
1453 1838 1551 1866 effectu
1574 1845 1623 1874 per
1645 1838 1807 1866 essentiam:
1834 1839 1885 1867 hoc

1043 1885 1137 1911 autem
1164 1883 1246 1911 modo
1268 1883 1347 1911 Pater
1368 1892 1422 1911 non
1444 1887 1485 1912 est
1507 1892 1590 1912 causa
1612 1884 1685 1918 Filii,
1707 1885 1791 1913 immo
1817 1885 1886 1913 bene

1043 1932 1085 1958 est
1107 1929 1242 1957 habitudo
1263 1930 1321 1957 Filii
1349 1930 1384 1959 ad
1416 1931 1539 1965 Patrem,
1561 1931 1632 1959 sicut
1653 1939 1667 1959 e
1688 1939 1837 1965 conversog
1859 1935 1886 1959 et

1043 1975 1082 2003 sic
1102 1978 1197 2011 patent
1217 1975 1318 2003 omnia.

882 2110 1142 2146 SCHOLION.

205 2243 307 2265 Eandem
324 2243 509 2272 distinctionem,
527 2251 587 2273 quae
613 2245 648 2266 liic
670 2245 691 2266 in
717 2251 821 2272 respons.
848 2246 985 2275 adhibetur,

144 2283 165 2304 S.
182 2283 265 2305 Doctor
282 2289 351 2311 supra
369 2283 390 2305 d.
421 2284 453 2306 19.
472 2290 494 2311 p.
520 2284 534 2305 l.
552 2291 573 2312 q.
602 2284 622 2306 3.
640 2285 673 2306 sic
697 2285 816 2312 exprimit:
833 2294 842 2305 (ι
855 2286 899 2308 Aut
916 2290 985 2314 prout

144 2321 198 2343 (licit
214 2322 345 2351 respectam
361 2322 567 2351 aequam-antiae,
587 2326 625 2345 aut
642 2326 711 2351 prout
722 2325 779 2346 ultra
792 2327 921 2352 respectum
935 2331 986 2347 con-

143 2360 215 2382 cernit
231 2361 311 2383 actam
333 2360 507 2390 coaequatiom's
520 2370 540 2383 n.
553 2362 639 2384 Solutio
662 2364 696 2384 est
712 2363 823 2385 sententia
848 2364 985 2386 communis.

209 2399 272 2421 Alex.
290 2400 346 2428 Hal.y
363 2400 385 2421 S.
403 2406 425 2427 p.
443 2400 457 2422 1.
471 2407 493 2429 q.
506 2400 542 2422 54.
556 2407 586 2422 m⁴
605 2401 621 2423 Ι.
640 2407 659 2422 a.
674 2402 694 2423 2.
708 2401 729 2423 3.
741 2414 772 2417 —
784 2402 873 2429 Scottis,
891 2402 986 2430 Report.

1042 2287 1071 2309 ad
1089 2287 1109 2308 3.
1119 2266 1182 2308 —I3.
1200 2286 1292 2314 Albert.7
1310 2286 1331 2309 d.
1349 2287 1381 2309 19.
1399 2293 1418 2309 a.
1430 2286 1450 2309 4.
1460 2299 1490 2302 —
1502 2287 1559 2309 Pclr.
1572 2294 1583 2309 u
1598 2287 1657 2314 Tar„
1668 2287 1689 2309 d.
1712 2288 1744 2309 19.
1757 2294 1778 2316 q.
1801 2289 1817 2309 1.
1831 2295 1849 2310 a.
1864 2288 1883 2309 3.

1041 2338 1072 2341 —
1084 2325 1190 2347 Ricliard.
1209 2331 1220 2347 a
1238 2325 1303 2353 Med„
1321 2325 1343 2347 (l.
1360 2326 1393 2347 19.
1411 2332 1430 2347 a.
1453 2326 1469 2347 1.
1482 2332 1503 2354 q.
1523 2326 1543 2347 2.
1555 2338 1586 2341 —
1598 2326 1671 2353 AEgid.
1684 2326 1718 2354 R„
1731 2327 1766 2348 liic
1784 2328 1799 2348 l.
1812 2327 1883 2354 princ.

1043 2370 1065 2392 q.
1084 2365 1105 2386 2.
1122 2375 1153 2379 —
1169 2364 1238 2386 chr.
1256 2364 1336 2391 Gand„
1354 2364 1376 2386 S.
1394 2370 1414 2386 a.
1433 2365 1469 2386 68.
1487 2371 1510 2393 q.
1529 2365 1549 2386 2.

1042 2247 1079 2270 liic
1096 2254 1110 2276 q
1182 2248 1195 2269 l.
1214 2248 1274 2269 sent.
1293 2248 1314 2269 d.
1337 2248 1369 2270 19.
1387 2255 1409 2277 q.
1432 2249 1448 2269 1.
1466 2260 1497 2264 -
1514 2248 1535 2270 S.
1555 2248 1645 2276 Tuom,
1664 2249 1685 2270 S.
1704 2249 1717 2270 l.
1736 2255 1757 2277 q.
1777 2249 1812 2271 4³2.
1830 2256 1849 2271 n.
1868 2250 1884 2271 l.

208 2605 214 2619 ¹
233 2606 290 2628 Vide
308 2612 362 2634 pag.
380 2605 432 2633 346,
450 2609 502 2628 nota
522 2606 542 2628 t.

207 2644 216 2658 ²
233 2644 276 2666 Pro
293 2643 326 2672 ei,
346 2651 405 2673 quac
422 2648 455 2667 cst
472 2645 537 2667 lectio
555 2646 659 2668 omnium
675 2647 747 2668 terme
763 2646 844 2675 codd.y
863 2646 913 2668 Vat.
933 2652 986 2668 cum

145 2683 195 2705 cod.
214 2689 239 2705 cc
255 2682 286 2711 si,
306 2683 373 2705 codd.
392 2684 434 2705 tis
451 2683 473 2706 si
488 2683 515 2706 ei.
533 2683 598 2706 Circa
615 2684 685 2706 finem
707 2686 837 2713 argumenti
855 2685 905 2707 Vat.
931 2691 986 2714 erqo

146 2727 192 2744 non
209 2721 326 2751 adaequat
342 2728 373 2750 se,
393 2728 434 2745 nec
451 2722 494 2745 alii
509 2724 627 2752 [temtatur
643 2730 686 2751 pro
698 2730 754 2753 erqo
765 2730 811 2746 non
834 2723 984 2753 adaequatur

152 2766 222 2784 neca
239 2767 280 2789 se,·
297 2767 340 2784 mc
351 2760 380 2784 ab
391 2761 438 2784 aiio
455 2763 580 2791 aequatur,
600 2762 663 2790 qnod
681 2763 765 2785 habent
782 2763 849 2785 codd.
872 2764 890 2785 R
902 2763 920 2784 M
932 2763 949 2784 T
960 2764 986 2790 ff,

147 2803 168 2822 ct
185 2801 253 2822 eliam
271 2800 314 2822 alio
332 2800 372 2822 sed
391 2800 516 2822 omittendo
533 2807 548 2823 α
565 2804 586 2823 et
604 2800 651 2829 ub;
673 2801 723 2823 cod.
746 2802 761 2823 P
781 2807 837 2831 erqo
854 2807 902 2824 non
918 2801 988 2824 adae—

148 2839 207 2867 quat
222 2844 246 2861 se
270 2838 313 2861 alii
328 2845 370 2862 nec
386 2838 415 2861 ab
432 2838 479 2861 (ilio
501 2840 630 2868 aequatur,
651 2846 703 2862 cum
722 2847 766 2869 qua
784 2841 879 2862 lectione
897 2846 988 2862 concor-

147 2877 184 2899 dat
201 2877 237 2899 ed.
260 2878 264 2898 l
278 2895 283 2905 ,
301 2878 408 2900 omittens
425 2878 586 2900 tantummodo
603 2878 653 2901 alii.

209 2914 218 2929 ³
234 2914 278 2937 cfr.
296 2922 350 2943 pag.
368 2915 423 2944 346,
442 2919 494 2938 nota
509 2916 529 2938 5.
542 2928 574 2933 -
586 2917 690 2939 Proxime
706 2921 758 2940 ante
775 2918 826 2940 Vat.
843 2918 926 2940 omittit
937 2923 988 2940 con-

145 2953 272 2981 similitem·
290 2955 357 2976 male.

286 2999 310 3023 S.
327 3000 415 3024 Bonae.
432 3013 463 3017 —
480 3002 546 3024 Toni.
563 3002 577 3024 l.

1104 2607 1113 2622 ·¹
1131 2608 1232 2636 Supplc:
1250 2607 1365 2635 similiter,
1391 2608 1405 2629 i.
1430 2614 1449 2629 e.
1474 2607 1624 2630 indifferentia
1647 2608 1771 2636 aequaliter
1793 2609 1885 2635 respicit

1043 2650 1168 2675 utrumque
1185 2650 1321 2669 extremum.
1338 2658 1369 2662 ——
1385 2647 1428 2668 Pro
1446 2647 1468 2669 et
1483 2647 1519 2668 ed.
1542 2647 1546 2668 l
1568 2646 1645 2669 etiam.

1105 2686 1115 2700 ⁵
1130 2685 1185 2708 Cod.
1205 2686 1224 2707 V
1241 2692 1274 2708 aaz
1290 2685 1335 2708 sibi
1350 2692 1382 2708 αη
1400 2685 1449 2708 alii.

1104 2724 1113 2739 ⁶
1130 2725 1208 2746 Plures
1226 2724 1293 2746 codd.
1311 2726 1336 2746 ut
1353 2725 1451 2746 AFGH
1462 2725 1467 2745 l
1478 2725 1497 2746 K
1516 2724 1543 2749 (T
1562 2731 1573 2746 a
1592 2725 1664 2752 prima
1692 2726 1770 2751 manu)
1798 2725 1816 2745 V
1841 2727 1883 2746 otc.

1043 2765 1149 2786 omittunt
1166 2763 1221 2791 hoc,
1241 2769 1283 2790 pro
1301 2769 1347 2791 quo
1365 2763 1432 2785 codd.
1450 2763 1493 2791 PQ
1512 2763 1540 2790 (T
1558 2769 1569 2784 u
1587 2762 1687 2784 secunda
1712 2762 1791 2790 manu)
1816 2763 1831 2784 Z
1857 2769 1883 2784 ce

1042 2802 1182 2825 substituunt
1199 2801 1404 2830 conuenientic1m;
1430 2803 1452 2823 in
1470 2802 1505 2823 cd.
1536 2802 1540 2822 l
1570 2807 1611 2828 pro
1637 2800 1727 2823 addimit
1743 2806 1816 2829 super
1840 2800 1883 2823 hoc

1044 2841 1126 2868 legitur
1143 2839 1288 2868 superaddit.

1106 2878 1115 2892 7
1132 2877 1187 2900 Cod.
1206 2878 1223 2899 O
1241 2879 1276 2899 liic
1293 2878 1356 2899 addit
1372 2879 1393 2901 et
1410 2878 1437 2901 de
1454 2877 1557 2901 causatis
1575 2877 1621 2900 iltis
1638 2883 1698 2906 quoe
1715 2883 1761 2899 non
1778 2876 1845 2906 plene
1862 2878 1883 2899 et

1042 2916 1142 2946 perfecte
1159 2915 1275 2945 recipiunt
1290 2916 1468 2939 similitudinem
1485 2922 1542 2939 sitae
1560 2922 1653 2939 aliisae.
1671 2915 1715 2938 Csr.
1734 2915 1755 2937 d.
1778 2916 1809 2937 19.
1828 2922 1849 2943 p.
1869 2916 1882 2937 l.

1045 2962 1066 2984 q.
1086 2956 1106 2977 3.
1124 2955 1153 2977 :id
1172 2954 1191 2976 4.

1713 3001 1741 3022 ϋ8
