2215 3404
195 679 292 703 Quartum.

305 220 361 249 472

305 298 356 326 hoc
378 305 432 326 non
454 297 489 326 sit
511 297 545 326 de
578 296 683 325 ratione
704 296 879 333 paternitatis
901 296 928 324 in
950 299 1086 333 quantum
1109 303 1154 332 pa-

307 345 436 379 ternitas,
458 344 511 373 erit
532 344 639 372 ratione
652 343 661 359 ¹
684 343 820 378 alicuius,
841 342 916 380 quod
939 346 981 371 est
1002 342 1153 371 incommu-

305 391 437 423 nicabile;
459 391 511 419 hoc
525 393 619 419 autem
634 393 676 419 est
695 389 912 418 innascibilitas
927 389 985 418 sive
998 388 1151 426 primitas,

305 438 371 475 quia
390 437 592 474 primu-innon
615 439 705 474 potest
733 437 801 465 dare
827 436 873 464 alii
906 435 1095 473 primitatem,
1126 438 1153 464 et

307 484 489 513 imiciseibitisss
509 492 564 512 non
585 486 676 521 potest
697 491 832 521 generare
854 482 1059 511 innascibilem:
1086 490 1153 519 ergo

305 530 433 566 videtur,
448 531 523 568 quod
545 531 571 559 iu
594 531 696 559 divinis
717 529 874 567 hypostasis
895 529 983 558 Patris
998 529 1060 558 ideo
1075 536 1153 565 gene-

307 581 367 611 ret,
389 578 455 614 quia
476 576 654 606 innascibilis.

385 624 539 657 Postremo.
554 631 617 652 cum
634 623 706 652 idem
723 623 758 651 sit
769 622 905 659 primum
919 625 946 650 et
957 621 1152 658 principium,

307 671 378 700 sicut
392 674 467 708 patet
479 674 505 699 et
517 669 711 707 Philosophus
720 669 730 685 ²
743 669 809 698 dicit
814 680 822 704 3
833 672 882 698 aut
893 669 955 698 ideo
966 672 1008 697 est
1020 668 1152 706 primum,

307 719 373 756 quia
393 718 576 755 principium,
598 720 645 746 aut
661 725 676 746 e
690 724 832 746 converso.
855 716 978 750 Constat,
1000 716 1073 753 quod
1091 716 1153 744 ideo

308 765 435 794 convenit
465 765 489 793 ei
521 764 591 792 ratio
612 763 753 801 principii,
775 763 841 800 quia
861 765 903 791 est
923 763 1063 800 primum3
1090 762 1152 790 ideo

307 819 358 848 per
379 819 407 839 se
436 811 488 839 hoc·
519 810 610 839 habet..
643 810 674 838 Et
705 812 820 844 constat,
845 809 920 846 quod
942 811 1031 837 status
1062 809 1151 837 estin

307 858 399 895 primo
430 857 581 894 principio,
613 865 667 885 non
695 856 761 893 quia
782 856 987 893 principium,
1009 855 1058 884 sed
1087 855 1152 892 quia

304 905 448 942 primam.
471 904 501 933 Et
521 907 636 938 constat,
657 903 733 941 quod
754 903 801 931 illa
823 906 865 931 est
885 902 1006 931 conditio
1027 902 1152 930 nobilita-

993 217 1245 248 SENTENTIARUM
1268 217 1326 245 [ΛΒ.
1348 217 1365 245 1.

1210 295 1259 324 tis:
1281 303 1348 331 ergo
1363 302 1427 323 cum
1442 294 1522 323 Pater
1537 294 1572 323 sit
1592 295 1701 323 «totius
1723 295 1832 325 deitatis
1847 297 2054 334 principium»,

1208 345 1241 370 ut
1261 342 1328 371 dicit
1349 341 1519 378 Augustinus
1532 341 1551 376 ³,
1573 342 1625 370 hoc
1653 345 1712 376 est,
1735 343 1800 379 quia
1821 347 1863 372 est
1883 345 1973 381 prima
1996 353 2056 382 per-

1209 396 1285 422 sona,
1307 396 1339 417 ae
1360 396 1410 425 per
1433 388 1485 417 hoc
1506 388 1572 425 quia
1593 388 1772 418 innascibilis.

1288 435 1342 464 Hoc
1363 435 1422 463 sine
1444 435 1616 472 praeiudicio
1637 435 1758 464 aliorum
1781 436 1887 465 dictum
1908 441 1958 466 est.
1981 438 2161 468 Utra-Epiiogus.

1208 489 1263 518 que
1284 481 1358 510 enim
1381 481 1483 510 harum
1504 482 1673 519 positionum
1706 491 1807 519 magna
1828 486 1885 518 est,
1906 487 1934 512 et
1954 487 2055 513 neutra

1209 531 1250 558 est
1271 528 1488 563 contemnenda3
1520 527 1610 557 Μεθ’
1631 531 1724 557 autem
1757 529 1869 558 videtur
1894 530 1983 567 magis
2015 539 2057 560 ca-

1209 575 1276 604 dere
1298 575 1325 603 in
1346 575 1488 603 intellectu
1510 582 1594 612 quam
1612 575 1726 612 prima,
1749 576 1871 605 maxime
1891 577 1913 605 si
1929 577 2057 614 respicia-

1209 625 1256 650 tur
1278 622 1365 659 ipsius
1383 622 1575 659 paternitatis
1606 623 1720 660 propria.
1740 624 1878 661 acceptio,
1911 632 1983 661 quae
2014 628 2056 654 θεῖ

1209 676 1275 697 vere
1296 668 1394 697 relatio
1424 672 1451 697 et
1482 668 1566 697 simul
1597 672 1699 697 natura
1730 677 1794 698 cum
1826 670 1973 705 filiatione,
2004 679 2055 700 nee

1208 718 1299 752 potest
1330 715 1453 743 abstrahi
1486 723 1503 744 a
1533 718 1634 744 natura
1655 718 1682 744 et
1710 716 1879 753 proprietate
1900 717 2055 752 relationis;

1208 762 1284 790 unde
1307 762 1343 790 ita
1364 761 1496 798 importat
1527 761 1719 790 habitudinem
1742 763 1777 791 ad
1799 763 1916 798 Filium,
1938 764 2010 792 sicut
2030 766 2057 792 et

1207 816 1358 844 yenerare.
1381 808 1445 836 Ideo
1466 810 1494 836 et
1514 808 1566 837 ista
1587 809 1686 845 positio
1708 809 1907 846 intelligibilior
1929 810 2056 844 videtum

1209 857 1236 883 et
1257 854 1309 882 hoe
1332 854 1433 883 melius
1462 854 1568 891 patebit
1598 855 1670 883 infra
1680 855 1698 890 ⁵,
1720 863 1784 884 cum
1806 859 1905 893 agetur
1926 857 1961 886 de
1983 856 2058 885 inna-

1209 901 1364 930 scibilitate.

1051 1015 1313 1051 SCHOLION.

371 1132 385 1154 1.
403 1131 504 1154 Eandem
522 1131 679 1159 quaestionem
697 1130 719 1152 S.
732 1129 814 1151 Thom.
829 1129 859 1157 (S.
873 1129 886 1150 l.
900 1135 922 1157 q.
936 1128 971 1150 to.
985 1135 1004 1150 a.
1026 1128 1056 1157 lt.)
1075 1130 1154 1150 tractat

309 1171 354 1194 sub
371 1172 414 1193 hoc
432 1170 506 1193 titulo:
528 1177 538 1189 n
550 1169 631 1191 Utrum
649 1172 713 1191 actus
731 1168 856 1190 notionales
878 1167 1087 1195 praeintelliguntur
1104 1172 1154 1194 pro-

309 1210 444 1238 prietatibus
457 1218 477 1231 n.
496 1209 518 1230 lu
536 1209 647 1230 solutione
666 1208 734 1229 liuius
751 1206 900 1235 problematis
918 1206 997 1228 saltem
1014 1205 1092 1228 verbis
1109 1205 1155 1227 dis-

308 1250 407 1272 sentiunt
424 1249 446 1270 S.
465 1248 550 1270 Bonav.
563 1250 585 1269 et
601 1247 663 1268 Alex.
676 1246 723 1268 Hal.
742 1246 776 1273 (S.
788 1252 809 1273 p.
822 1245 836 1267 i.
855 1252 876 1274 q.
890 1245 926 1267 59.
940 1251 970 1267 m.
989 1245 1028 1274 3.),
1041 1251 1095 1267 cum
1108 1250 1154 1273 quo

308 1289 414 1311 convenit
431 1288 452 1309 S.
471 1287 553 1309 Thom.
572 1286 607 1314 (S.
627 1286 640 1307 l.
658 1292 680 1314 q.
700 1284 734 1307 to.
753 1291 773 1306 a.
793 1284 832 1313 4.).
851 1284 912 1306 Alex.
930 1284 977 1305 Hal.
995 1286 1015 1305 ei
1034 1284 1055 1305 S.
1071 1283 1153 1305 Thom.

308 1328 392 1350 iaciunt
414 1327 581 1349 distinctionem
607 1325 665 1347 inter
687 1325 844 1352 paternitatem
868 1326 893 1345 ut
909 1326 943 1345 est
960 1321 1043 1345 relatio
1066 1322 1101 1350 (et
1123 1323 1155 1344 sic

308 1366 436 1389 secundum
460 1366 598 1388 intellectum
624 1364 791 1392 praesupponit
814 1363 1012 1391 generationem),
1034 1364 1056 1384 et
1077 1364 1101 1384 ut
1122 1364 1155 1383 est

304 1405 440 1436 proprietas
457 1405 494 1432 (et
510 1405 542 1426 sic
559 1403 747 1431 praeintelligitur
764 1402 928 1430 generationi).
950 1401 1011 1423 Alex.
1034 1401 1082 1423 Hal.
1105 1401 1153 1423 vuli

309 1446 389 1473 etiam,
407 1447 432 1467 ut
448 1443 546 1466 addatur
562 1443 626 1465 Deus
643 1443 665 1464 in
683 1442 725 1463 hac
742 1441 851 1469 formula,
869 1442 898 1463 ita
916 1443 940 1462 ut
958 1440 1059 1462 dicatur:
1078 1440 1153 1467 Pater,

309 1485 330 1506 in
349 1486 460 1512 quantum
478 1483 539 1504 Deus
556 1484 627 1510 pater,
641 1483 740 1509 generat.
758 1481 839 1502 Scotus
855 1486 912 1502 vero
930 1482 1007 1501 contra
1022 1479 1155 1507 applicatio-

310 1528 362 1545 nem
380 1522 448 1544 huius
466 1520 615 1543 distinctionis
632 1522 654 1541 et
671 1520 738 1541 etiam
757 1521 834 1541 contra
852 1518 986 1541 sententiam
999 1518 1020 1539 S.
1038 1518 1154 1540 Bonax‘en-

309 1565 373 1583 turae
390 1561 486 1588 opponit
507 1559 534 1584 (l.
557 1559 617 1581 Sent.
635 1558 657 1580 d.
680 1558 715 1580 28.
734 1564 756 1586 q.
775 1558 794 1579 3.
813 1564 834 1579 n.
853 1558 874 1579 2.
888 1557 926 1585 3.).
943 1557 1153 1584 —Arguinentum

309 1600 435 1628 principale
452 1599 473 1621 S.
493 1599 595 1620 Thomae
613 1601 646 1619 est
662 1599 680 1619 1.
698 1597 727 1619 ad
739 1597 837 1624 opposit.
855 1596 918 1624 apud
930 1596 951 1618 S.
962 1596 1153 1618 Bonaventuram.

310 1639 448 1662 Sententiam
470 1638 492 1660 S.
510 1638 627 1664 Thomaey
646 1642 704 1665 quae
727 1642 772 1657 non
798 1635 827 1657 ab
850 1634 958 1657 omnibus
979 1635 1061 1657 eodem
1084 1634 1154 1657 modo

310 1679 447 1706 explicatur,
466 1677 523 1699 bene
540 1677 680 1704 expressisse
703 1675 795 1697 videtur
814 1675 892 1697 Petrus
914 1681 925 1696 a
944 1674 996 1696 Tar.
1019 1674 1070 1701 (hic
1092 1681 1114 1703 q.
1136 1675 1153 1696 1.

310 1725 329 1741 a.
348 1718 391 1746 3.):
411 1716 568 1739 «Secundum
586 1715 722 1738 intellectum
741 1715 805 1742 prius
822 1714 953 1742 intelligitur
974 1714 1109 1741 paternitas,
1130 1716 1155 1736 ut

310 1757 382 1779 forma
400 1756 471 1778 Patris
483 1755 639 1782 constitutiva,
658 1760 703 1782 qua
715 1753 864 1781 personaliter
876 1754 897 1774 in
910 1759 934 1775 se
946 1752 1059 1780 subsistit;
1072 1752 1154 1774 deinde

309 1799 335 1818 ut
352 1796 451 1824 potentia
469 1794 612 1823 generativa,
630 1799 675 1822 qua
693 1793 754 1820 agit;
773 1792 855 1814 deinde
873 1794 898 1814 ut
909 1794 972 1814 actus
989 1792 1154 1819 generationis;

310 1837 332 1857 et
348 1835 427 1856 ultimo
444 1836 469 1856 ut
486 1833 563 1855 relatio
577 1841 597 1854 n.

374 1873 396 1895 ll.
414 1873 526 1895 Sententia
540 1872 561 1894 S.
574 1871 760 1898 Bonaventurae⁷
773 1871 809 1892 cui
823 1870 934 1892 consentit
944 1869 1051 1892 Bichard.
1064 1876 1076 1891 a
1089 1869 1154 1896 Med„

310 1912 386 1935 media
402 1913 440 1934 via
454 1911 574 1937 incedens,
592 1913 715 1938 utramque
732 1909 866 1931 sententiam
878 1909 983 1930 aestimat
999 1908 1154 1936 probabilem⁷

310 1953 381 1974 immo
398 1957 437 1973 eas
454 1952 476 1972 in
494 1949 640 1972 concordiam
653 1949 711 1971 felici
729 1954 837 1970 successu
855 1948 959 1975 redigere
972 1948 1056 1969 nititur.
1073 1947 1156 1969 Distin-

310 1992 359 2019 guit
376 1991 436 2012 euim
460 1990 482 2011 in
500 1989 633 2017 paternitate
656 1990 678 2010 et
694 1986 877 2016 fecunditatem,
901 1992 971 2015 quam
997 1987 1115 2014 importat,
1134 1990 1156 2009 et

309 2029 448 2053 relationem
465 2028 494 2051 ad
511 2028 607 2055 Filium;
625 2030 647 2049 et
668 2028 749 2049 iterum
768 2027 789 2048 iu
807 2025 979 2048 innascibilitate
998 2025 1116 2053 distinguit
1134 2028 1155 2048 et

309 2068 465 2098 privationem
482 2070 504 2089 et
519 2066 633 2096 fontalem
646 2065 817 2095 plenitudinem
839 2071 880 2087 seu
908 2064 1076 2086 secunditatem.
1095 2064 1155 2092 Qua-

309 2111 375 2131 tenus
392 2106 553 2129 innascibilitas
570 2106 623 2128 dicit
639 2104 752 2134 feritatem
766 2103 944 2134 plenitudinem,
959 2103 1023 2125 radix
1035 2106 1069 2125 est
1086 2110 1155 2131 gene-

309 2148 412 2174 rationis3
430 2150 452 2169 et
468 2147 594 2169 sicverum
611 2147 656 2172 est⁷
674 2144 739 2173 quod
750 2144 826 2171 Pater,
845 2143 898 2171 quia
911 2145 1015 2170 generat,
1028 2144 1062 2165 est
1079 2145 1153 2170 pater,

310 2186 332 2209 id
349 2190 394 2214 est,
413 2185 481 2208 habet
498 2184 630 2207 relationem
643 2183 672 2206 ad
689 2183 777 2205 Filium.
791 2182 837 2205 Sed
853 2183 921 2204 etiam
934 2188 1016 2204 verum
1029 2184 1073 2209 est,
1092 2182 1154 2210 quod

310 2226 415 2253 generat,
434 2224 487 2252 quia
505 2225 581 2251 pater,
599 2225 712 2251 quatenus
729 2222 852 2249 paternitas
868 2220 963 2243 includit
984 2220 1154 2243 secunditatem.

309 2263 342 2285 De
358 2262 541 2289 innascibilitate,
559 2261 623 2290 quod
643 2261 751 2288 importet
772 2260 825 2288 plus
842 2265 912 2288 quam
934 2265 1022 2281 meram
1045 2259 1155 2287 privatio-

310 2308 363 2324 nem
381 2301 419 2330 (ut
435 2301 484 2323 vult
500 2300 602 2329 Scotus)⁷
621 2300 661 2322 cfr.
679 2299 701 2321 d.
720 2300 756 2321 28.
774 2305 815 2327 per
832 2301 914 2326 totam;
933 2298 960 2320 de
978 2298 1066 2325 origine
1083 2301 1104 2320 et
1122 2304 1154 2319 re-

310 2341 392 2363 latione
409 2346 479 2368 supra
497 2339 519 2361 d.
537 2339 574 2361 26.
592 2345 614 2367 q.
632 2338 653 2360 3.

373 2379 440 2408 Quod
457 2381 517 2401 reete
529 2378 667 2405 interpretati
680 2378 752 2399 simus
764 2376 891 2399 doctrinam
903 2376 924 2397 S.
937 2375 1051 2403 Doctoris‚
1065 2376 1155 2403 penitus

311 2418 476 2447 comprobatur
492 2420 514 2440 et
531 2417 642 2439 anecdoto
659 2417 756 2444 Prologo
773 2416 795 2437 S.
813 2415 899 2437 Bonav.
916 2415 939 2436 in
957 2414 980 2436 ll.
993 2414 1066 2442 Sent.y
1077 2414 1154 2436 etalio

311 2458 422 2480 anecdoto
447 2457 601 2480 additamento
623 2456 653 2478 ad
677 2457 736 2478 hanc
761 2455 926 2484 quaestionem.
948 2454 1076 2482 Utrumque
1101 2454 1155 2475 huic

311 2497 400 2519 Scholio
418 2496 582 2519 subnectimus.

377 2535 408 2557 lll.
426 2535 487 2557 Alex.
504 2535 560 2562 Hal.¹
579 2535 601 2556 S.
623 2540 645 2562 p.
665 2534 679 2555 l.
697 2540 719 2562 q.
738 2533 774 2555 59.
792 2539 822 2555 m.
842 2532 985 2559 3.—Scot.,
1003 2532 1096 2559 Report.
1119 2531 1155 2553 hic

311 2581 333 2603 q.
345 2574 434 2596 vl.—S.
449 2574 538 2602 Thom.‚
551 2574 587 2596 hic
601 2580 623 2602 q.
641 2573 657 2595 1.
676 2579 695 2595 a.
717 2573 733 2600 ¹3
751 2572 773 2594 S.
792 2572 806 2593 l.
820 2578 841 2600 q.
860 2571 896 2593 40.
915 2577 935 2593 a.
954 2570 1048 2592 4.-Β.
1061 2569 1153 2597 ΑΙῙ)θι·ῖ.,

1212 1128 1248 1149 hic
1265 1134 1284 1150 a.
1304 1129 1324 1150 2.
1337 1128 1437 1150 —Petn
1456 1134 1467 1150 a
1491 1128 1556 1156 Tan,
1576 1129 1612 1150 hic
1629 1135 1650 1157 q.
1674 1129 1690 1151 1.
1709 1135 1728 1151 a.
1748 1129 1768 1151 3.
1782 1141 1814 1145 —
1829 1129 1935 1152 Richard.
1953 1136 1965 1151 a
1983 1129 2056 1158 Med.⁷

1212 1166 1248 1188 hic
1263 1172 1283 1188 a.
1300 1167 1316 1188 l.
1330 1173 1350 1195 q.
1370 1167 1391 1188 3.
1403 1178 1435 1183 —
1447 1167 1520 1194 AEgid.
1534 1167 1568 1195 R„
1589 1167 1626 1189 hic
1647 1167 1663 1189 1.
1682 1168 1754 1195 princ.
1772 1174 1794 1196 q.
1814 1169 1834 1190 2.
1846 1180 1878 1184 —
1889 1168 1957 1190 Henr.
1975 1168 2055 1196 Gand„

1212 1205 1233 1227 S.
1247 1211 1266 1227 a.
1280 1205 1316 1227 58.
1330 1211 1351 1234 q.
1365 1206 1386 1227 3.
1398 1217 1430 1221 —
1442 1205 1554 1233 Duraud„
1567 1206 1603 1228 hic
1621 1212 1642 1234 q.
1662 1206 1682 1228 l.
1694 1218 1724 1222 —
1737 1206 1830 1234 Dionys.
1843 1206 1926 1235 Carth.,
1940 1208 1975 1230 hic
1992 1214 2014 1237 q.
2034 1209 2056 1231 2.

1554 1282 1714 1307 ANEGDOTA.

1275 1361 1287 1383 1.
1306 1360 1435 1383 Clarissimo
1452 1368 1518 1383 suani
1537 1361 1565 1383 de
1583 1362 1625 1384 hac
1642 1362 1775 1390 quaestione
1796 1363 1930 1385 senteutiam
1952 1364 2057 1391 explanat

1211 1401 1232 1423 S.
1252 1401 1336 1422 Bonav.
1359 1401 1380 1422 in
1399 1401 1495 1428 prologo
1521 1401 1622 1429 quodam
1646 1400 1675 1423 ad
1694 1401 1716 1423 11.
1735 1401 1806 1429 Sent.y
1831 1402 1896 1424 cuius
1919 1403 2057 1425 mentionem

1211 1440 1307 1461 fecimus
1324 1440 1345 1461 iu
1364 1439 1492 1467 Prolegom.
1510 1446 1563 1468 pag.
1576 1440 1653 1467 LVlil,
1671 1442 1694 1462 et
1710 1446 1764 1468 pag.
1782 1440 1818 1463 90.
1838 1441 1889 1463 137.
1907 1441 1964 1464 Dicit
1981 1444 2057 1464 autem

1211 1479 1278 1501 haec:
1300 1486 1309 1498 α
1322 1478 1433 1501 Fortassis
1450 1481 1526 1501 autem
1544 1479 1610 1501 alicui
1628 1478 1754 1506 videbitur,
1772 1485 1809 1501 me
1835 1479 1864 1502 ab
1881 1480 1930 1502 eius
1952 1479 2057 1508 (Alexan-

1211 1517 1245 1540 dri
1262 1517 1320 1546 Hal.)
1333 1518 1441 1539 sententia
1460 1517 1572 1546 deviasse,
1590 1524 1643 1540 cum
1662 1524 1738 1540 sermo
1755 1519 1797 1540 suit
1814 1518 1843 1541 de
1860 1520 2006 1547 generatione
2023 1526 2058 1542 ae-

1211 1559 1273 1579 terna
1290 1558 1312 1578 iu
1330 1557 1405 1585 primo
1423 1556 1481 1579 libro
1494 1556 1515 1579 d.
1529 1556 1565 1579 27.
1578 1555 1636 1579 Cum
1653 1557 1714 1579 enim
1729 1557 1843 1580 scribatur
1854 1558 1876 1580 in
1893 1558 1988 1581 Summa
2001 1558 2056 1587 [loc.

1211 1597 1246 1618 cit.
1264 1597 1286 1617 jn
1304 1596 1416 1624 Scholio]‚
1430 1595 1494 1624 quod
1505 1595 1557 1618 ideo
1569 1598 1674 1623 generat,
1693 1597 1746 1624 quia
1764 1599 1798 1619 est
1809 1596 1887 1625 Pater,
1907 1598 1982 1625 magis
1993 1598 2058 1620 visus

1210 1641 1263 1657 sum
1280 1635 1404 1657 adhaerere
1422 1635 1451 1657 illi
1469 1636 1582 1663 opinioni,
1600 1642 1659 1664 quae
1677 1635 1741 1664 dicit,
1759 1636 1823 1664 quod
1841 1636 1905 1659 Pater
1922 1637 1974 1659 ideo
1991 1643 2058 1665 gene-

1210 1677 1255 1702 rat,
1273 1675 1326 1703 quia
1344 1674 1406 1696 Deus
1429 1673 1588 1702 imzascz'bilis;
1611 1680 1664 1696 cum
1682 1675 1765 1697 iterum
1787 1674 1817 1697 ab
1833 1675 1916 1697 eodem
1933 1675 2057 1705 scribatur,

1211 1713 1275 1741 quod
1292 1715 1327 1735 est
1342 1713 1428 1742 aliquid
1446 1713 1522 1735 dicere
1539 1714 1561 1735 in
1580 1713 1675 1741 divinis,
1694 1714 1731 1736 cui
1749 1719 1793 1735 non
1812 1714 1936 1742 respondet
1946 1714 2057 1743 verbum,

1211 1752 1286 1780 magis
1303 1751 1395 1774 adhaesi
1407 1752 1436 1773 illi
1449 1752 1563 1780 opinioni,
1581 1758 1641 1780 quae
1658 1752 1722 1779 dicit⁷
1736 1752 1799 1781 quod
1816 1758 1861 1775 non
1873 1755 1907 1775 est
1923 1752 1999 1776 dicere
2010 1754 2058 1776 sine

1210 1791 1295 1818 verbo,
1313 1797 1340 1813 ac
1356 1797 1398 1819 per
1416 1792 1459 1813 hoc
1476 1791 1505 1813 ab
1522 1792 1572 1813 eius
1584 1792 1705 1813 recessisse
1722 1792 1826 1819 vestigio.
1841 1792 1887 1814 Sed
1898 1792 1916 1814 si
1934 1793 1986 1820 quis
1997 1795 2058 1815 recte

1210 1830 1331 1858 intelligat,
1350 1836 1394 1852 non
1408 1830 1538 1853 discordati
1556 1830 1585 1852 ab
1597 1831 1648 1858 ipso
1666 1836 1708 1852 nec
1724 1831 1746 1852 in
1763 1831 1839 1858 primo
1852 1837 1893 1853 nec
1910 1832 1931 1853 in
1944 1831 2057 1860 secundo,

1212 1870 1264 1897 quia
1281 1875 1365 1891 verum
1382 1875 1427 1891 non
1448 1869 1598 1891 contrariatur
1615 1875 1678 1891 vero.

1275 1909 1362 1931 Verum
1379 1911 1456 1930 autem
1473 1914 1524 1930 esse
1542 1907 1650 1935 arbitror,
1674 1910 1696 1930 et
1713 1907 1776 1936 quod
1794 1908 1858 1930 Pater
1879 1911 1983 1937 generat,
2004 1909 2058 1937 quia

1211 1946 1368 1975 innascibilis,
1388 1950 1410 1969 et.
1427 1946 1490 1975 quod
1508 1949 1613 1974 generat,
1637 1947 1690 1975 quia
1711 1946 1774 1969 Deus
1789 1947 1872 1976 pateiy-
1894 1949 1916 1969 et
1937 1949 1980 1969 hoc
1997 1950 2059 1975 patet

1212 1987 1250 2008 sic.
1269 1986 1364 2008 Planum
1381 1989 1415 2008 est
1432 1987 1492 2008 enlm
1510 1988 1533 2008 et
1548 1985 1676 2007 secundum
1698 1992 1791 2007 omnem
1809 1986 1940 2013 opinionem
1962 1992 2058 2015 verum,

1211 2024 1275 2053 quod
1292 2024 1344 2046 ideo
1362 2024 1462 2052 potentia
1480 2024 1551 2046 Patris
1568 2026 1672 2052 generm⁷
1691 2024 1743 2052 quia
1761 2023 1863 2053 fecunda
1875 2027 1916 2046 est.
1934 2024 1990 2046 lllud
2002 2030 2058 2052 ergo

1212 2067 1272 2086 recte
1289 2063 1372 2086 dicitur
1389 2069 1439 2085 esse
1456 2064 1513 2085 ratio
1531 2063 1667 2090 generandi,
1686 2063 1749 2091 quod
1766 2062 1928 2085 secunditatem
1945 2064 2059 2091 potentiae

1213 2103 1282 2125 Patris
1299 2103 1414 2130 importat.
1427 2101 1562 2124 Fecunditas
1574 2104 1651 2124 autem
1669 2103 1804 2129 importatur
1816 2104 1838 2123 et
1849 2102 1940 2124 nomine
1957 2101 2059 2125 innasci-

1212 2140 1307 2164 bilitatis
1324 2144 1346 2163 et
1363 2142 1454 2163 nomine
1468 2140 1631 2170 paternitatis,
1651 2140 1691 2163 sed
1709 2140 1772 2162 aliter
1783 2142 1805 2162 et
1821 2140 1892 2162 aliter.
1908 2140 1964 2162 Nam
1978 2140 2060 2169 pater-

1211 2180 1273 2203 nitas
1291 2181 1399 2208 importat
1415 2180 1576 2202 fecunditatem
1594 2180 1659 2208 quasi
1668 2178 1881 2209 praesupponendo
1898 2182 1920 2201 et
1939 2179 2060 2207 praeintel-

1211 2219 1315 2247 ligendo,
1328 2220 1379 2241 licet
1394 2219 1548 2247 princitialiier
1560 2219 1692 2246 imponatur
1704 2217 1733 2241 ab
1745 2217 1887 2241 habitudine.
1900 2218 1986 2240 Dicitur
1997 2219 2058 2240 enim

1211 2258 1335 2286 paternitas
1347 2257 1457 2280 habitudo
1476 2257 1546 2279 Patris
1557 2257 1587 2279 ad
1598 2257 1686 2279 Filium.
1698 2256 1872 2280 Innascibititas
1883 2260 1959 2280 autem
1972 2258 2059 2285 impor-

1211 2300 1242 2319 tat
1260 2297 1420 2319 secunditatem
1437 2303 1468 2319 ex
1480 2296 1630 2326 consequenti
1646 2295 1777 2319 intellectu:
1795 2302 1848 2318 nam
1865 2303 1892 2318 ex
1909 2297 1985 2325 primo
1997 2297 2059 2319 intel-

1211 2336 1270 2358 lectu
1292 2337 1401 2364 importat
1422 2334 1578 2365 privationem
1600 2334 1745 2358 habitudinis
1763 2335 1792 2357 ad
1809 2336 1887 2363 prius3
1911 2335 1952 2358 sed
1973 2342 2000 2358 ex
2022 2336 2059 2358 illa

1211 2375 1257 2397 sola
1276 2375 1404 2402 privatione
1422 2380 1465 2396 non
1484 2377 1562 2402 posset
1578 2380 1629 2396 esse
1646 2374 1785 2402 proprietas,
1803 2379 1856 2396 cum
1868 2374 1897 2396 sit
1913 2379 2059 2403 consequens

1212 2412 1317 2440 [supple:
1330 2413 1366 2435 illa
1384 2412 1495 2440 privatio]
1514 2413 1643 2434 essentiam.
1655 2412 1681 2434 Et
1698 2412 1749 2435 ideo
1762 2411 1901 2434 innascibilis
1918 2418 1963 2434 non
1981 2412 2057 2435 solum

1211 2451 1294 2474 dicitur
1311 2452 1386 2479 Pater,
1405 2451 1458 2479 quia
1476 2450 1505 2473 ab
1526 2451 1569 2473 alio
1587 2457 1632 2473 uon
1649 2450 1735 2480 accipit
1755 2456 1814 2478 esse,
1834 2450 1875 2473 sed
1898 2451 1951 2479 quia
1968 2449 1997 2472 ab
2015 2449 2058 2472 alio

1211 2497 1256 2513 non
1274 2491 1356 2518 accipit
1372 2496 1422 2512 esse
1439 2493 1461 2512 et
1478 2490 1531 2519 quia
1549 2488 1618 2512 habet
1632 2489 1695 2512 unde
1712 2489 1755 2512 alii
1770 2488 1808 2512 det
1823 2495 1879 2512 esse.

1274 2530 1317 2558 Qui
1329 2530 1398 2557 igitur
1410 2529 1583 2557 superficialiter
1595 2529 1698 2557 intelligit
1709 2528 1848 2551 attendendo
1860 2528 1895 2550 vel
1914 2527 2058 2556 aspiciendo,

1211 2576 1223 2591 a
1242 2576 1288 2598 quo
1306 2570 1381 2598 primo
1399 2574 1483 2591 nomen
1501 2569 1638 2596 imponitur,
1656 2571 1780 2597 utrumque
1798 2567 1891 2595 negabit
1912 2567 2002 2594 dicens,
2020 2567 2058 2589 Pa-

374 2762 380 2776 ¹
400 2763 449 2785 Vat.
467 2768 589 2790 perperam
607 2765 657 2784 ante
674 2768 756 2784 vocem
777 2761 869 2784 ratione
885 2762 967 2790 repetit
983 2761 1023 2790 cle,
1043 2761 1154 2785 contradi-

311 2802 415 2825 centibus
432 2802 498 2824 codd.
516 2802 533 2824 Α
543 2801 558 2823 F
567 2801 610 2823 GP
620 2801 639 2829 Q
649 2801 667 2823 T
677 2801 707 2822 W
717 2801 735 2822 Y
745 2801 760 2822 Z
777 2804 818 2823 ete.
838 2807 879 2823 nec
896 2807 940 2823 non
958 2801 995 2823 ed.
1014 2801 1034 2823 1.

373 2841 383 2855 ²
400 2841 457 2863 Vide
474 2847 543 2868 supra
560 2846 613 2868 pag.
632 2839 688 2867 215,
701 2843 753 2862 nota
765 2840 786 2861 9.
795 2840 884 2861 —ltlox
902 2843 953 2862 ante
964 2839 1064 2862 verbum
1075 2845 1154 2863 conve-

310 2879 346 2902 m’t
361 2880 412 2901 Vat.
430 2885 483 2902 cum
500 2879 550 2901 cod.
569 2885 594 2901 cc
611 2879 692 2900 omittit
707 2877 765 2901 ideo.

373 2918 382 2932 ³
399 2917 459 2940 Lihr.
477 2918 512 2940 lV.
531 2918 559 2940 de
577 2917 638 2939 Trin.
657 2923 676 2939 c.
694 2918 730 2939 20.
748 2923 770 2939 u.
787 2918 823 2939 29.
841 2917 900 2939 Vide
920 2917 977 2939 intra
994 2917 1016 2939 d.
1036 2918 1072 2939 29.
1090 2923 1108 2940 c.
1133 2917 1154 2939 11.

311 2959 334 2980 in
350 2958 380 2979 lit.
398 2957 504 2987 Magistri.
515 2969 547 2973 —
558 2957 661 2979 Proxime
678 2959 730 2984 post
744 2956 794 2978 Vat.
812 2962 865 2978 cum
877 2956 927 2979 cod.
946 2962 972 2979 cc
987 2955 1094 2986 piimum
1111 2962 1154 2984 pro

310 2996 389 3026 prima
405 3001 513 3025 persona.

1273 2760 1282 2775 ⁴
1300 2760 1355 2783 Cod.
1373 2760 1392 2782 Y
1409 2759 1513 2783 secunda
1530 2766 1572 2788 pro
1590 2758 1654 2782 haee.

1272 2799 1283 2814 ⁵
1299 2800 1352 2821 Dist.
1371 2799 1408 2821 28.
1426 2805 1448 2827 q.
1468 2799 1487 2821 11.
1506 2805 1569 2827 seqq.
1585 2810 1617 2814 —
1633 2798 1702 2820 Paulo
1719 2798 1827 2826 superius
1843 2799 1895 2826 post
1910 2796 1972 2820 uncle
1989 2796 2057 2819 codd.

1210 2845 1236 2861 aa
1254 2838 1286 2861 hb
1307 2838 1396 2860 addunt
1415 2837 1472 2866 ista,
1492 2838 1539 2860 scil.
1562 2838 1692 2865 paternitas.
1710 2836 1812 2859 Subinde
1835 2842 1877 2864 pro
1900 2835 1953 2859 Ideo
1970 2836 1991 2858 et
2012 2834 2057 2858 ista

1210 2877 1317 2909 permulti
1334 2876 1401 2899 codd.
1419 2882 1472 2899 cum
1496 2876 1532 2899 ed.
1560 2877 1564 2898 1
1590 2876 1620 2899 Et
1636 2875 1686 2899 ideo
1707 2875 1768 2904 alia,
1791 2881 1836 2904 qua
1859 2875 1954 2897 lectione
1976 2879 2057 2896 sensus

1210 2916 1367 2943 contunditur,
1393 2915 1454 2937 unde
1479 2915 1601 2937 Vaticanae
1626 2915 1746 2937 lectionem
1771 2914 1915 2937 retinuimus.
1932 2912 2053 2939 —Nota‚

1210 2955 1274 2984 quod
1290 2955 1327 2977 hic
1344 2954 1411 2977 codd.
1428 2954 1445 2976 G
1463 2960 1490 2976 aa
1507 2954 1539 2976 bb
1556 2956 1642 2977 textum
1659 2954 1787 2982 largissima
1814 2952 1930 2975 additione
1956 2951 2057 2979 locuple-

1210 2997 1267 3023 tant,
1285 2999 1356 3022 quam
1373 2996 1425 3022 post
1442 2993 1547 3016 Scholion
1564 2993 1674 3015 invenies.
