2215 3404
327 170 383 197 570
1011 168 1262 196 SENTENTIARUM
1285 167 1343 194 LlB.
1366 167 1382 194 l.

578 404 1012 453 COMMENTARIUS
1046 403 1107 450 IN
1140 401 1577 451 DISTINCTIONEM
1610 402 1817 449 XXXIII.

644 567 688 599 De
707 564 942 610 proprietatibus
960 564 990 596 in
1009 564 1232 608 comparatione
1251 563 1289 596 ad
1308 562 1476 596 essentiam
1495 568 1522 596 et
1540 562 1577 595 ad
1596 573 1753 607 personas.

789 718 859 746 Post
879 716 1053 754 supradicta
1076 715 1200 743 interius
1221 714 1407 743 considerari
1428 717 1537 751 oportet
1557 716 1608 742 ete.

1059 929 1180 958 DIVISIO
1202 929 1338 957 TEXTUS.

406 1079 496 1115 Supra
517 1078 572 1115 egit
594 1077 721 1114 Magister
743 1077 777 1105 de
799 1075 958 1104 nominibus
987 1073 1172 1103 substantiali-

329 1126 397 1160 bus,
419 1128 446 1154 et
466 1125 500 1154 de
522 1124 741 1162 proprietatibus
759 1131 813 1160 per
834 1131 863 1150 se.
885 1125 911 1150 et
932 1120 1101 1158 singillatim.
1124 1120 1170 1148 Hie

328 1173 409 1202 tertio
431 1173 490 1201 loco
521 1172 577 1208 agit
598 1171 633 1200 de
654 1170 718 1199 his¹
751 1170 781 1197 ip
814 1168 1049 1205 comparatione,
1071 1169 1098 1195 et
1119 1167 1171 1195 hoe

328 1220 483 1249 secundum
515 1218 734 1247 convenientiam
761 1220 788 1245 et
819 1215 1019 1249 differentiam;
1041 1218 1068 1243 et
1088 1214 1172 1242 habet

327 1275 393 1304 pars
414 1266 466 1295 ista
487 1265 557 1294 duas
578 1268 680 1301 partes.
703 1264 731 1291 ln
752 1263 843 1299 prima
858 1261 967 1299 quaerit
988 1260 1116 1297 Magister
1137 1259 1171 1287 de

329 1312 547 1350 proprietatibus
569 1311 596 1339 in
618 1309 824 1347 comparatione
845 1309 880 1337 ad
902 1307 1050 1336 essentiam
1072 1309 1098 1335 et
1113 1314 1173 1343 per-

328 1367 418 1388 sonas.
440 1359 467 1387 ln
490 1358 613 1387 secunda
644 1365 710 1385 vero
741 1356 797 1393 agit
829 1356 863 1384 de
884 1354 1091 1391 comparatione
1112 1361 1172 1390 per-

328 1414 411 1436 sonae
433 1406 491 1434 sive
506 1405 544 1434 rei
561 1407 678 1433 naturae
699 1403 734 1432 ad
750 1406 895 1436 naturam,
910 1401 982 1429 infra
997 1400 1171 1429 distinetione

328 1453 471 1490 trigesima
492 1454 606 1489 quarta:
630 1450 797 1479 Praediett's
818 1448 1019 1477 adiiciendum
1039 1451 1081 1475 est
1100 1449 1150 1475 ete.

407 1500 498 1527 Prima
519 1499 593 1536 pars*
615 1498 699 1526 hahet
730 1497 800 1525 duas
832 1495 987 1524 seeundum
1009 1494 1065 1523 duo
1087 1501 1171 1530 opera

330 1547 480 1585 sapientis,
502 1554 622 1583 quorum
655 1544 779 1581 primum
801 1546 843 1571 est
878 1553 890 1567 ι(
903 1550 956 1570 11011
986 1540 1115 1574 mentiri,
1137 1540 1171 1568 de

328 1594 431 1631 quibus
452 1593 528 1621 novit
538 1603 566 1626 »3
588 1594 615 1620 et
636 1590 791 1620 seeundum
806 1592 847 1617 est
867 1588 1069 1617 «mentientem
1091 1594 1171 1623 posse

328 1639 566 1669 manifestare2».
588 1638 664 1667 Unde
697 1637 724 1665 in
749 1636 851 1673 prima
873 1639 952 1672 parte
973 1635 1063 1671 primo
1085 1637 1173 1662 osten-

329 1688 369 1717 dit
390 1690 417 1716 et
448 1686 547 1723 probat
574 1685 735 1717 veritate1n;
767 1683 794 1711 iu
815 1682 944 1710 secanda
966 1689 1028 1709 eam
1049 1681 1172 1709 defendit

329 1737 425 1764 contra
445 1733 606 1765 falsitatem,
628 1731 680 1759 ibi:
703 1730 763 1758 Hoe
785 1733 882 1757 autem
903 1728 998 1766 aliqua·
1019 1731 1131 1765 negant.

408 1780 515 1808 Prima
535 1786 601 1816 pars
622 1778 706 1806 habet
737 1779 857 1813 quatuor
879 1779 973 1812 partes
985 1775 1003 1802 ³.
1025 1775 1052 1802 ln
1082 1774 1172 1811 prima

328 1827 464 1860 ostendit,
486 1825 561 1863 quod
582 1824 766 1862 proprietates
787 1826 852 1851 sunt
866 1829 1001 1859 personae
1023 1824 1049 1850 et
1070 1821 1097 1849 111
1113 1829 1173 1858 per-

329 1874 418 1907 sonis,
440 1881 491 1910 per
511 1875 641 1900 naturam
663 1870 750 1907 ipsius
766 1869 958 1906 proprietatis,
973 1868 1039 1905 quia
1060 1870 1172 1896 aeterna

329 1924 370 1950 est
391 1924 418 1949 et
439 1920 575 1949 distincta.
598 1918 626 1946 ln
647 1917 769 1946 secunda
791 1915 911 1944 ostendit
931 1915 1001 1943 illud
1023 1915 1097 1943 idem
1120 1914 1173 1942 vio-

330 1968 413 1997 lentia
444 1965 617 1995 auctoritatis
628 1964 648 1998 ⁴,
680 1963 732 1992 ibi:
767 1962 885 1991 Sabellit'
916 1961 1060 1990 haeresem
1092 1961 1173 1989 deeli-

328 2018 448 2047 nantes,
470 2013 518 2041 ubi
539 2012 617 2049 ponit
642 2010 822 2039 auctoritates
850 2009 1015 2045 Hieronymi.
1036 2008 1066 2036 In
1091 2008 1172 2037 tertia

329 2061 449 2090 ostendit
480 2060 532 2088 hoe
560 2059 652 2095 ipsum
681 2065 730 2094 per
752 2059 881 2085 naturam
913 2056 1022 2084 divinae
1044 2055 1173 2093 simplici-

329 2108 408 2141 tatis,
431 2107 484 2135 ihi:
518 2105 645 2142 Cumque
676 2104 710 2132 de.
737 2103 923 2140 simplicitate
948 2102 1120 2131 divinitatis.
1143 2102 1171 2130 111

330 2157 430 2191 quarta
451 2152 579 2186 ostendit,
602 2151 678 2188 quod
700 2150 886 2187 proprietates
900 2158 955 2177 non
976 2152 1085 2178 tantum
1107 2152 1172 2178 sunt

330 2208 479 2238 personae,
502 2200 550 2228 sed
572 2199 654 2227 etiam
677 2197 771 2226 divina
791 2197 917 2225 essentia.
948 2197 978 2225 Et
999 2197 1050 2225 hoe
1073 2197 1172 2233 prohat

330 2247 453 2276 efficacia
483 2245 672 2279 auctoritatis,
702 2244 753 2272 ibi:
789 2244 871 2279 Quod
899 2243 975 2271 enim
1003 2244 1172 2279 proprietas

329 2294 416 2322 etiam
450 2293 552 2321 (divina
585 2295 696 2319 natm-a
727 2291 779 2323 sit,
810 2290 858 2318 11111
880 2290 958 2327 ponit
978 2290 1171 2318 auctoritatem

330 2340 433 2369 Hilarii.

409 2386 471 2414 Hoc
491 2389 588 2414 aute-m
610 2384 705 2422 aliqui
734 2387 842 2420 oteyant
872 2383 995 2411 dieentes
1023 2386 1073 2411 etc.
1103 2383 1171 2411 Haec

330 2437 371 2463 est
391 2432 520 2461 secanda
541 2439 621 2468 pars,
645 2431 671 2458 in
702 2439 758 2467 qua
785 2430 862 2467 ponit
889 2430 1017 2466 Magister
1050 2430 1173 2458 veritatis

332 2480 464 2517 probatae
485 2478 673 2507 defensionem
695 2477 823 2514 ponendo
843 2476 962 2505 alioruin
999 2477 1118 2505 rationes
1147 2480 1173 2505 et

1228 1080 1293 1101 suas
1315 1073 1518 1109 responsiones.
1542 1073 1573 1101 Et
1600 1072 1733 1109 quoniam
1765 1072 1871 1109 duplex
1903 1075 1945 1101 est
1972 1072 2073 1101 modus

1229 1120 1411 1156 impugnandi
1428 1119 1586 1153 veritatem,
1600 1119 1704 1148 scilieet
1725 1126 1776 1156 per
1798 1119 1920 1147 rationes
1934 1122 1961 1147 et
1983 1121 2073 1147 aucto-

1228 1166 1340 1200 ritates,
1361 1166 1423 1195 ideo
1445 1166 1513 1194 haee
1535 1174 1600 1203 pars
1622 1166 1706 1194 habet
1727 1166 1798 1194 duas
1819 1168 1922 1202 partes.
1938 1165 1967 1193 ln
1981 1165 2074 1202 prima

1228 1213 1305 1250 ponit
1335 1214 1456 1242 rationes
1488 1216 1514 1242 et
1546 1213 1755 1250 responsiones;
1777 1213 1804 1241 in
1837 1212 1959 1241 secunda
1983 1214 2075 1241 aucto-

1229 1261 1339 1295 ritates,
1356 1261 1411 1289 ibi:
1434 1261 1639 1289 Verumtamen
1660 1260 1792 1289 mondum
1814 1259 1956 1287 (desistunt
1976 1262 2027 1288 etc.

1308 1307 1399 1336 Prima
1419 1315 1485 1344 pars
1514 1307 1599 1336 hahet
1625 1309 1747 1344 quatuor
1778 1309 1872 1343 partes
1885 1306 1904 1334 ⁵.
1933 1306 1962 1334 In
1982 1305 2074 1343 prima

1229 1354 1305 1391 ponit
1327 1354 1525 1389 obiectionem,
1548 1347 1622 1391 'quod
1654 1354 1840 1390 proprietates
1862 1361 1917 1381 non
1939 1352 1994 1381 sint
2013 1359 2075 1389 per-

1229 1409 1327 1436 sonaeg
1349 1404 1376 1430 et
1397 1402 1463 1438 quia
1484 1401 1643 1429 rationalis
1668 1404 1744 1431 erat,
1776 1399 1927 1437 respondet
1948 1399 1983 1428 ad
2005 1399 2075 1428 veri-

1229 1451 1322 1477 tatem.
1347 1448 1474 1477 Seeundo
1505 1455 1572 1476 vero
1603 1447 1749 1484 subiungit
1770 1446 1853 1475 aliam
1876 1446 2026 1479 rationem,
2047 1449 2075 1475 et

1229 1496 1294 1532 qnia
1315 1495 1435 1523 cariosa
1461 1495 1588 1529 videtur,
1611 1494 1760 1531 respondet
1788 1494 1824 1522 ad
1846 1493 1997 1528 hominem,
2019 1501 2073 1521 non

1227 1542 1263 1570 ad
1284 1542 1436 1570 orationem
1451 1541 1470 1575 ὃ,
1492 1541 1544 1570 1111;
1567 1541 1623 1570 Sed
1643 1540 1751 1569 iterum
1775 1540 1890 1569 addant
1909 1543 1961 1569 ete.
1982 1539 2074 1568 Tertio

1228 1588 1321 1617 adhuc
1352 1588 1470 1617 resumit
1501 1588 1637 1616 rationem
1669 1587 1782 1616 illorum
1815 1589 1842 1615 et
1867 1586 2018 1623 respondet
2039 1586 2074 1615 ad

1229 1635 1394 1669 veritatem,
1430 1635 1483 1663 ibi:
1522 1635 1654 1663 Ceteram
1689 1633 1905 1662 haeretieorum
1940 1633 2076 1671 improbi-

1230 1686 1274 1710 tas
1295 1684 1345 1710 ete.
1368 1682 1473 1717 Quarto
1494 1684 1521 1709 et
1542 1681 1641 1709 ultimo
1670 1681 1814 1717 subiungit
1835 1688 1933 1709 eorum
1960 1680 2075 1709 interro

1229 1731 1380 1767 gationem,
1402 1733 1429 1758 et
1450 1731 1515 1766 quia
1536 1729 1657 1757 eur-tosa
1678 1731 1754 1763 erat,
1776 1728 1904 1766 praefigit
1922 1729 2074 1757 terminum

1230 1777 1368 1805 humanae
1390 1776 1575 1813 inquisitioni,
1598 1776 1650 1804 ihi:
1674 1776 1730 1804 Sed
1748 1774 1825 1812 forte
1845 1784 1985 1813 quaerar,
2007 1784 2075 1804 eum

1230 1822 1283 1851 liae
1301 1823 1496 1860 proprietates
1517 1826 1568 1851 ete.
1592 1823 1622 1851 Et
1643 1823 1784 1859 quaelihet
1812 1822 1930 1851 istarum
1952 1822 2074 1859 partium

1229 1873 1321 1906 posset
1336 1870 1492 1904 subdividi,
1508 1870 1612 1898 seilicet
1633 1877 1665 1898 eo
1687 1869 1762 1906 quod
1783 1870 1874 1906 primo
1895 1869 1973 1906 ponit
1993 1877 2076 1907 oppo-

1229 1916 1356 1944 sitionem
1378 1920 1405 1944 et
1426 1916 1549 1944 seeundo
1570 1915 1796 1953 responsionem,
1819 1919 1846 1944 et
1868 1915 1938 1944 illud
1964 1916 2075 1944 manife-

1229 1966 1302 1991 stum
1326 1966 1367 1991 est
1388 1963 1414 1990 in
1437 1963 1537 1991 littera.

1314 2010 1518 2038 Verumtamen
1545 2010 1676 2038 nondam
1705 2009 1846 2038 desistunt
1875 2009 2075 2047 impatientiae

1227 2056 1336 2093 spirita
1358 2059 1409 2085 ete.
1426 2056 1494 2085 Haec
1517 2060 1558 2085 est
1579 2057 1679 2085 ultima
1700 2065 1774 2094 pars,
1796 2057 1823 2085 in
1845 2065 1902 2094 qua
1923 2056 2075 2093 respondet

1230 2104 1358 2140 Magister
1373 2103 1594 2137 auetoritatibus,
1609 2111 1679 2140 quas
1694 2103 1844 2137 inducunt3
1865 2106 1892 2132 et
1907 2103 1992 2132 habet
2005 2103 2074 2132 haec

1229 2158 1294 2187 pars
1316 2150 1387 2179 duas
1408 2154 1502 2187 partes
1523 2151 1678 2179 seeundum
1702 2151 1773 2179 duas
1791 2151 1971 2180 auctoritates
1986 2151 2075 2187 Augu-

1229 2196 1306 2230 stini,
1329 2204 1399 2233 quas
1421 2197 1571 2225 inducunt:
1604 2200 1631 2225 et
1663 2197 1754 2233 prima
1776 2200 1869 2225 sumta
1899 2200 1941 2226 est
1972 2197 2007 2225 ab
2028 2204 2075 2225 ex-

1229 2243 1363 2279 positione
1385 2243 1501 2277 Psalmi,
1524 2243 1646 2272 secunda
1668 2251 1735 2271 vero
1767 2246 1859 2271 sumta
1886 2246 1928 2272 est
1958 2243 1993 2271 ab
2025 2243 2075 2271 Au-

1230 2290 1348 2327 gustino,
1361 2290 1395 2318 de
1412 2290 1545 2319 Trinitate
1560 2291 1685 2327 septimo.
1702 2290 1793 2318 Prima
1807 2298 1873 2327 pars
1894 2291 2007 2328 ponitur
2021 2290 2071 2319 ibi:

1236 2337 1439 2364 Verumtamen
1460 2337 1591 2365 nondam
1613 2337 1756 2365 desistant
1775 2340 1833 2371 eto;
1856 2337 1979 2366 secunda
1999 2337 2073 2373 poni-

1230 2386 1276 2411 tur
1298 2382 1349 2411 ibi:
1374 2383 1443 2410 Item
1476 2383 1534 2411 z‘llts
1554 2383 1650 2411 verbis
1684 2383 1853 2421 Auyustini.
1881 2384 1912 2412 Et
1932 2383 2073 2420 quaelibet

1230 2430 1331 2457 haruin
1363 2432 1452 2465 potest
1484 2429 1644 2463 subdividi,
1677 2430 1743 2466 quia
1764 2430 1855 2466 primo
1880 2429 1957 2466 ponit
1982 2432 2074 2458 aucto-

1230 2477 1339 2504 ritatem
1362 2476 1420 2505 sive
1443 2476 1591 2510 rationem,
1614 2476 1737 2505 seeundo
1759 2484 1826 2505 vero
1846 2476 1981 2505 dissolvit.

397 2703 403 2716 1
421 2702 492 2725 Codd.
510 2708 536 2724 aa
554 2701 585 2723 bb
603 2701 690 2723 addunt
707 2706 766 2729 quae
784 2699 902 2723 dicuntur.

395 2741 404 2755 ‘2
421 2742 447 2763 111
465 2741 510 2763 duo
527 2743 601 2763 textus
618 2740 764 2761 inveniuntur
781 2739 843 2766 apud
860 2739 957 2767 Ariston,
976 2739 989 2761 1.
1006 2739 1094 2761 Elencli.
1114 2745 1132 2761 c.
1151 2740 1171 2760 2.

334 2780 362 2808 (c.
385 2781 419 2807 1.).

394 2818 404 2832 ³
421 2818 492 2840 Codd.
511 2818 547 2840 lx
559 2824 585 2839 aa
599 2817 630 2839 bb
642 2823 695 2839 (euni
712 2817 747 2839 ed.
771 2818 774 2838 Ι
796 2816 934 2845 particulas.
947 2817 1067 2845 Aliquanto
1080 2817 1173 2838 interius

334 2864 375 2885 pro
393 2856 501 2879 ‹listina-ta
519 2856 586 2878 codd.
604 2862 630 2877 aa
648 2855 680 2877 bh
697 2854 837 2878 distinctiva.

397 2895 405 2909 ⁴
422 2896 471 2917 Vni.
489 2901 531 2923 pei·
549 2894 681 2917 violentiam
698 2893 803 2916 amatoris
819 2893 922 2916 Sabellis.
941 2894 991 2916 Mox
1008 2900 1050 2921 pro
1072 2894 1172 2917 alletori-

334 2936 391 2957 {ares
409 2934 458 2956 eod.
478 2934 506 2955 W
524 2932 695 2956 anctoritatem.

1291 2699 1300 2713 5
1318 2699 1388 2721 ijodd,
1407 2699 1427 2720 X
1445 2705 1471 2720 aa
1484 2698 1516 2721 111)
1534 2705 1587 2721 euni
1605 2700 1640 2721 ed⁴
1664 2700 1668 2721 l
1687 2699 1829 2728 particulas.
1843 2700 1912 2723 l‘aulo
1924 2700 2019 2722 interius
2031 2706 2073 2728 pro

1229 2737 1353 2761 rationalis
1370 2738 1437 2760 codd.
1455 2737 1526 2760 GYZ
1544 2744 1597 2760 eum
1614 2739 1649 2761 ed.
1670 2739 1677 2761 Ἰ1
1699 2738 1854 2762 rationabilis.

1290 2777 1300 2791 ὃ
1318 2777 1360 2799 Pro
1378 2776 1508 2799 orationem
1527 2777 1577 2799 Yat.
1597 2777 1712 2800 rationem
1722 2787 1731 2806 ;
1756 2779 1876 2806 utriusque
1893 2778 1995 2800 lectionis
2011 2778 2073 2800 idem

1230 2819 1262 2838 est
1280 2822 1368 2837 sensus.
1387 2815 1491 2837 Nostram
1510 2816 1630 2838 lectionem
1649 2816 1732 2839 liabent
1750 2823 1830 2839 omnes
1855 2817 1935 2845 eodd.;
1963 2817 2073 2839 terminus

1230 2854 1261 2877 ml
1285 2854 1417 2877 orationem
1442 2858 1532 2876 sumtus
1557 2859 1589 2877 est
1615 2862 1642 2877 ex
1668 2855 1762 2878 Boethio
1788 2856 1837 2882 (cfr.
1855 2862 1925 2884 supra
1944 2862 1996 2884 pag.
2019 2856 2071 2883 131,

1231 2898 1281 2915 nota
1300 2894 1339 2921 6,).

2199 3068 2212 3261 -.,-Α-Αή--,(μ-ᾼ
2204 3001 2208 3053 ,,».
2205 2980 2207 2986 a
