2215 3404
279 230 335 258 4⁹28

355 307 381 334 Q.
403 305 441 333 Ad
462 304 529 333 illud
552 304 625 341 quod
652 302 797 336 obiicitur,
818 302 892 339 quod
922 302 1055 330 dicuntur
1082 301 1117 330 ad

279 361 323 387 se:
345 352 509 385 dicendum,
538 350 613 387 quod
641 358 744 378 nouamv
771 349 831 377 diei
858 349 898 377 ad
918 348 1018 381 (1111111,
1047 348 1117 377 1100ι

279 402 365 435 potest
388 406 448 427 esse
470 397 633 434 dupliciter:
656 396 700 424 vel
722 396 803 423 intra
817 395 861 423 vel
882 398 980 428 extra,
1002 395 1046 423 vel
1068 395 1118 423 im-

274 444 372 482 plicite
399 444 443 473 vel
471 443 609 480 explicite.
636 443 667 471 Et
687 442 755 471 illud
779 449 879 470 nomen
900 441 1119 470 substantialiter

280 491 396 525 dieitur,
418 490 492 527 quod
513 498 568 518 non
595 489 699 518 dieitur
720 489 755 517 ad
783 488 874 522 aliud,
897 496 947 517 neo
975 488 1048 516 intra
1068 495 1119 516 neo

278 542 371 571 extra,
392 545 442 566 neo
462 537 593 574 implicite
615 544 665 565 neo
679 535 818 572 explicite.
840 534 893 563 Sed
914 534 1050 563 terminus
1071 542 1120 562 nu-

279 584 391 614 meralis
413 584 479 613 dicit
506 583 668 612 relationem
696 582 732 611 ad
754 582 830 610 aliud
853 582 951 615 intra,
980 581 1045 618 quia
1073 581 1121 609 im-

279 634 370 668 portat
391 630 593 659 distinctionem
621 631 833 658 numeratorum
861 631 888 657 et
908 627 1032 665 implicat
1053 627 1120 656 rela-

279 677 390 706 tionem.

358 724 384 753 3.
406 724 444 753 Ad
472 724 541 753 illud
568 724 643 761 quod
670 722 814 756 obiicitur,
837 722 912 759 quod
940 721 1018 750 nulla
1046 721 1120 749 notio

282 771 383 800 dieitur
405 771 439 800 de
460 770 563 804 tribus:
578 770 736 801 dicendum,
757 769 832 807 quod
853 776 952 798 verum
967 771 1020 797 est:
1043 768 1120 796 nulla

281 818 355 846 notio
370 817 580 850 determinam;
601 816 649 845 sed
671 824 821 845 eommzme
835 815 871 844 ad
887 815 1011 844 notiones
1025 822 1120 843 secun-

956 224 1207 253 SENTENrtARUM
1229 224 1287 252 LIB.
1310 224 1327 252 1.

1175 302 1243 330 dum
1275 301 1410 330 rationem
1442 301 1544 330 dicitur
1575 302 1610 330 de
1637 301 1746 336 tribus,
1777 305 1808 331 ut
1836 303 1887 332 hoc
1915 311 2014 332 nomen

1174 348 1285 376 relatus
1299 351 1326 376 et
1341 348 1392 376 hoo
1406 355 1507 376 nomen
1522 347 1676 376 distinctus
1691 351 1717 376 et
1732 348 1843 377 nomina
1854 348 2015 378 consimilia.

1253 394 1279 422 li.
1301 394 1340 422 Ad
1362 394 1430 422 illud
1452 394 1527 431 quod
1548 394 1689 428 obiicitur,
1711 395 1786 431 quod
1806 394 1931 424 notiones
1952 398 2017 424 sunt

1175 440 1317 477 quinque;
1332 440 1516 475 dicendum,
1547 441 1622 478 quod
1650 444 1707 469 tres
1738 449 1793 469 non
1824 449 2015 479 quascumque

1175 487 1299 515 notiones
1320 487 1465 524 importat,
1487 487 1535 516 sed
1557 487 1648 516 solum
1661 487 1829 524 personales
1839 487 1856 515 ².
1879 487 1926 516 Illa
1941 488 2015 517 enim

1175 534 1267 568 notio,
1293 541 1365 571 quae
1385 534 1463 569 facit,
1486 542 1633 571 personam
1661 542 1722 563 esse
1749 542 1898 571 personam
1926 537 1953 563 et
1981 534 2016 563 ab

1175 581 1305 609 omnibus
1335 581 1507 612 distinctam.
1539 581 1587 609 illa
1617 580 1719 610 dieitur
1747 581 1847 609 imitas
1863 589 2016 618 personae,

1176 626 1204 655 in
1219 629 1354 664 quantum
1370 626 1417 655 dat
1431 634 1491 656 esse
1506 627 1665 656 distinctum
1674 638 1682 662 3
1703 630 1730 656 et
1744 627 1791 656 illa
1811 627 1885 656 notio
1906 631 1947 656 est
1961 635 2017 656 una

1175 673 1276 708 unius,
1297 674 1369 702 sieut
1387 681 1444 702 una
1457 676 1499 702 est
1519 674 1612 702 unitas
1632 674 1731 708 unius:
1752 677 1779 703 et
1797 674 1861 703 illae
1881 676 2016 703 3111111011-

1177 723 1236 749 tum
1258 723 1323 749 tres.
1345 720 1376 748 Et
1395 720 1457 749 ideo
1471 728 1535 749 oum
1550 720 1679 749 tantum³
1700 721 1754 750 sint
1772 724 1830 749 tres
1847 721 1967 749 unitates
1988 719 2016 748 in

1176 767 1266 796 tribus
1281 767 1419 804 personis,
1440 766 1504 795 hinc
1522 769 1576 801 est,
1598 766 1672 803 quod
1687 775 1821 803 personae
1842 766 2017 795 solummodo

1176 816 1233 843 tres
1254 814 1394 842 dicuntur.

1019 927 1280 964 SCHOLION.

345 1046 358 1069 l.
377 1046 443 1074 Quod
461 1046 552 1068 nomina
568 1045 693 1067 numeralia
705 1045 727 1066 iu
739 1044 786 1066 Deo
798 1046 884 1066 tantum
896 1042 1025 1065 secundum
1036 1041 1123 1064 relatio-

283 1091 334 1108 nem
357 1085 475 1112 dicantur,
494 1086 529 1106 est
553 1084 654 1106 doctriua
678 1084 803 1106 certissima
827 1085 850 1105 et
866 1082 1065 1109 communissima,
1083 1080 1123 1103 sed

283 1124 437 1146 controversia
454 1126 489 1145 est
505 1123 533 1145 de
550 1124 604 1151 hoc,
618 1122 673 1151 quid
685 1123 726 1144 ista
739 1122 831 1144 nomina
848 1122 869 1143 in
888 1120 972 1143 divinis
989 1121 1122 1155 importent;

281 1166 303 1186 et
321 1163 349 1186 de
367 1164 410 1185 hac
427 1169 451 1184 re
476 1163 499 1184 in
526 1162 675 1190 responsione
696 1161 778 1189 agitur.
805 1160 880 1182 Prima
897 1160 975 1188 opinio
993 1159 1023 1181 ibi
1041 1159 1123 1187 posita,

283 1208 354 1230 quam
372 1201 393 1223 S.
411 1201 494 1223 Doctor
510 1200 632 1228 reprobat,
650 1199 755 1222 concedit
771 1199 879 1228 quidem,
897 1199 953 1221 haec
970 1198 1061 1220 nomina
1079 1198 1123 1220 dici

283 1240 412 1262 secundum
429 1240 572 1265 relationem,
589 1238 630 1261 sed
649 1239 690 1266 ita,
708 1240 733 1260 ut
750 1238 803 1259 nihil
821 1237 883 1259 aliud
899 1236 1012 1265 significet
1028 1236 1123 1258 locutio:

283 1279 339 1301 sant
356 1279 402 1301 tres
417 1283 540 1307 personae,
559 1278 601 1299 nisi
623 1278 678 1299 hoc:
702 1277 759 1299 sunt
782 1281 903 1305 personae.
920 1276 993 1297 Huius
1010 1276 1124 1303 opinionis

283 1317 414 1339 defensores
431 1317 534 1339 timuisse
551 1316 670 1344 videntur,
683 1322 718 1342 ne,
730 1316 748 1338 si
761 1315 881 1343 diceretur,
893 1315 985 1337 nomina
998 1314 1123 1336 numeralia

283 1358 408 1384 importare
420 1356 506 1384 aliquid
523 1355 653 1378 distinctum
663 1354 692 1377 ab
701 1355 756 1383 ipsis
767 1354 871 1382 personis
889 1353 982 1381 dix-inis,
1000 1353 1125 1376 inciderent

283 1396 305 1417 in
323 1401 425 1417 errorem
449 1395 533 1417 Platoni
558 1395 699 1422 impositum,
721 1394 786 1422 quasi
806 1399 956 1415 numerorum
973 1393 1018 1415 sint
1037 1393 1123 1414 formae.

283 1437 387 1456 aeternae
412 1433 567 1456 subsistentes.
593 1444 624 1449 —
648 1432 689 1454 Ilic
718 1432 860 1460 notandum,
886 1432 908 1453 S.
935 1431 1021 1453 Bonav.
1047 1431 1124 1453 [avere

283 1473 366 1494 mitiori
383 1472 526 1500 explicationi
551 1471 656 1494 idearum
682 1471 860 1498 Platoniearurn,
883 1475 954 1498 quam
971 1470 1038 1492 etiam
1056 1469 1125 1492 habet

282 1512 304 1533 S.
322 1512 462 1540 Augustinus
473 1511 531 1533 libro
549 1511 577 1532 83
595 1511 686 1538 Quaest.
704 1516 726 1539 q.
739 1509 775 1532 46.
788 1516 809 1532 11.
823 1510 843 1531 2.
856 1510 921 1532 Putat
937 1510 998 1531 enim
1011 1510 1032 1531 S.
1045 1510 1124 1537 Augu-

1180 1041 1266 1068 stinus,
1284 1040 1399 1062 Platonem
1412 1039 1530 1067 docuisse,
1548 1038 1611 1061 ideas
1628 1045 1679 1061 esse
1695 1040 1811 1066 separatas
1822 1045 1835 1061 a
1846 1038 1924 1066 rebus,
1936 1041 1959 1061 at
1968 1037 2020 1060 sub-

1179 1080 1283 1102 sistentes
1300 1085 1344 1101 non
1357 1079 1379 1100 in
1392 1084 1423 1107 se,
1441 1078 1483 1100 sed
1494 1078 1516 1100 in
1528 1080 1604 1100 mente
1621 1077 1741 1100 Creatoris.
1753 1077 1883 1099 Aristoteles
1895 1083 1951 1099 vero
1960 1077 2019 1105 vult,

1179 1120 1294 1141 Platonem
1307 1119 1419 1146 docuisse,
1437 1118 1500 1140 ideas
1516 1124 1558 1146 per
1574 1124 1599 1140 se
1616 1124 1665 1140 esse
1677 1117 1832 1140 subsistentes.
1850 1117 1883 1139 De
1898 1123 1953 1139 vera
1970 1123 2021 1139 sen-

1180 1159 1246 1181 tentia
1265 1158 1362 1180 Platonis
1374 1158 1529 1180 controversia
1542 1163 1584 1179 nec
1595 1157 1678 1179 nostris
1690 1156 1834 1184 temporibus
1845 1160 1879 1179 est
1887 1156 2020 1184 composita.

1241 1198 1347 1220 Notiones
1359 1203 1399 1219 seu
1412 1197 1563 1224 proprietates
1580 1196 1712 1224 personales
1728 1202 1753 1218 se
1764 1196 1820 1224 ipsis
1837 1194 1952 1224 distingui,
1970 1201 2021 1218 con-

1179 1238 1241 1259 stans
1258 1239 1292 1258 est
1309 1236 1411 1258 doctrina
1429 1235 1547 1263 Seraphici
1565 1235 1610 1263 (hie
1627 1235 1648 1257 in
1661 1241 1733 1263 corp„
1750 1241 1820 1263 supra
1838 1234 1860 1257 d.
1879 1235 1915 1256 1l3.
1933 1241 1955 1263 q.
1965 1235 1986 1256 2.
1999 1234 2020 1256 3.

1179 1275 1261 1303 Schol,
1278 1276 1335 1297 intra
1353 1275 1375 1297 d.
1393 1274 1429 1297 26.
1448 1280 1469 1303 q.
1489 1274 1508 1296 y1.
1526 1277 1548 1296 et
1565 1274 1603 1302 3.).

1242 1314 1265 1336 ll.
1283 1313 1417 1337 Communis
1434 1313 1543 1335 sententia
1568 1313 1664 1335 aliorum
1691 1312 1811 1335 doctorum
1828 1311 1951 1334 concordat
1967 1317 2020 1334 cum

1179 1353 1303 1381 Seraphico
1321 1353 1342 1374 in
1360 1352 1513 1375 conclusione.
1531 1351 1592 1374 Alex.
1609 1351 1665 1380 1101,
1683 1351 1704 1373 S.
1723 1357 1745 1379 p.
1763 1351 1778 1373 l.
1795 1357 1817 1380 q.
1835 1351 1871 1373 65.
1884 1357 1914 1373 m.
1933 1351 1954 1373 2.
1967 1357 1986 1373 0.
1999 1351 2020 1373 2.

1179 1404 1211 1408 —
1227 1392 1249 1414 S.
1268 1392 1358 1419 Thom.‚
1376 1391 1413 1413 hie
1430 1397 1452 1419 q.
1470 1391 1491 1413 2.
1509 1397 1529 1412 0.
1547 1391 1573 1418 2;
1591 1391 1612 1412 S.
1630 1390 1645 1412 l.
1663 1396 1685 1419 q.
1704 1390 1740 1412 31.
1758 1396 1777 1412 0.
1797 1390 1818 1412 11.
1835 1402 1867 1406 -
1883 1389 1907 1412 Β.
1924 1389 2020 1418 Alhert.,

1181 1431 1217 1453 liic
1234 1437 1254 1453 0.
1272 1430 1293 1452 4.
1310 1442 1341 1447 -
1356 1429 1414 1452 Petr.
1432 1436 1445 1451 0
1462 1430 1525 1457 Tar„
1543 1430 1579 1451 hic
1597 1435 1619 1457 q.
1637 1429 1658 1451 2.
1676 1435 1696 1451 a.
1716 1429 1737 1451 3.
1754 1440 1785 1445 —-
1803 1428 1908 1451 Richard.
1926 1434 1938 1450 a
1955 1428 2020 1456 Med„

1180 1470 1217 1492 bic
1234 1476 1254 1491 0.
1272 1470 1293 1492 2.
1311 1476 1333 1498 q.
1352 1469 1373 1491 3.
1391 1481 1422 1485 —
1446 1468 1520 1497 AEgid.
1544 1468 1581 1496 R„
1607 1468 1643 1490 hie
1670 1468 1690 1490 1.
1708 1468 1780 1496 princ.
1803 1474 1825 1496 q.
1843 1467 1864 1489 4.
1881 1479 1912 1484 —
1928 1467 2020 1495 Dionys.

1180 1508 1262 1537 Carth„
1280 1509 1316 1530 iiie
1333 1514 1355 1537 q.
1374 1508 1395 1530 3.

994 1633 1227 1667 ARTICULUS
1252 1632 1304 1665 III.

920 1750 958 1778 De
978 1750 1093 1778 nomiae
1114 1750 1205 1779 trinus
1225 1753 1252 1778 et
1271 1749 1388 1777 trinitas.

363 1884 454 1912 Tertio
482 1883 541 1912 loeo
568 1886 610 1912 est
637 1883 762 1920 quaestio
789 1882 949 1920 principalis
980 1881 1015 1910 de
1046 1881 1126 1910 tertia

286 1930 462 1959 differentia*¹
490 1930 634 1958 nominum
665 1929 871 1962 numeralium,
900 1928 972 1958 sicut
1002 1931 1043 1957 est
1074 1929 1126 1958 hoe

285 1985 386 2005 nomen
415 1977 512 2005 trinus
546 1980 573 2006 et
604 1976 731 2005 crinitae.
761 1977 791 2005 Et
811 1976 884 2005 eirea
912 1976 964 2005 hoe
989 1983 1151 2013 0110011111--

286 2026 332 2051 tur
354 2023 417 2051 duo.

1261 1881 1364 1909 Primo
1386 1881 1539 1918 quaeritur,
1554 1883 1651 1909 utrum
1665 1880 1827 1909 huiusmodi
1848 1880 1960 1909 nomina
1974 1880 2023 1909 im-

1183 1931 1292 1965 portent
1311 1928 1454 1956 unitatem.

1260 1975 1406 2008 Secundo,
1428 1975 1492 2003 dato
1512 1975 1587 2012 quod
1609 1974 1661 2009 sic,
1683 1974 1843 2011 quaeritur.
1865 1974 2022 2003 cuiusmodi

1183 2022 1218 2050 sit
1238 2021 1285 2050 illa
1305 2021 1412 2055 unitas,
1434 2028 1519 2058 quam
1541 2021 1699 2058 important.

1054 2153 1215 2190 QUAESTIO
1236 2154 1253 2181 I.

479 2262 582 2292 Utrum
602 2263 740 2297 nomina,
762 2272 836 2301 quae
856 2263 1027 2301 saynifi'eant
1046 2263 1136 2291 simul
1155 2271 1249 2290 umam
1270 2266 1295 2291 et
1314 2270 1488 2297 numerum,
1510 2262 1665 2299 importent
1684 2263 1834 2292 imitatem.

366 2394 445 2430 Quod
466 2396 560 2422 autem
580 2393 729 2430 importent
750 2393 899 2428 unitatem,
922 2393 1047 2422 videtur:

369 2441 391 2468 1.
409 2440 498 2468 Primo
513 2448 563 2477 per
577 2439 784 2476 etymologiam:
801 2439 909 2468 trinitas
933 2440 1006 2468 enim
1026 2439 1127 2468 dieitur

148 2486 368 2524 Fundamentaquasi
390 2486 475 2514 trium
495 2486 621 2520 unitas⁵,
643 2486 770 2514 similiter
791 2489 817 2514 et
838 2485 937 2514 trinus.

1262 2395 1288 2422 2.
1310 2394 1388 2428 Item,
1410 2394 1462 2423 hoe
1484 2394 1607 2428 videtur,
1628 2394 1694 2431 quia
1715 2395 1742 2423 in
1764 2395 1865 2424 divinis
1889 2397 2023 2434 recipitur

1184 2440 1235 2469 hoc
1256 2448 1356 2469 nomen
1379 2440 1511 2474 trinitas,
1534 2441 1580 2469 sed
1597 2449 1651 2469 non
1673 2441 1725 2470 hoe
1740 2449 1838 2471 nomen
1856 2442 2023 2475 ternarias:

1184 2486 1232 2515 sed
1253 2486 1321 2515 haec
1342 2486 1398 2515 duo
1419 2486 1535 2515 eandem
1557 2487 1744 2524 pluralitatem
1767 2487 1931 2525 important:
1957 2496 2023 2525 ergo

352 2699 358 2712 ¹
377 2699 407 2720 Ex
424 2698 590 2727 antiquioribus
607 2705 661 2721 11155.
679 2702 700 2721 et
718 2699 753 2721 ed.
775 2700 780 2721 l
802 2700 838 2722 liic
855 2700 1015 2727 supplevimus
1032 2699 1086 2727 1106,
1106 2702 1128 2722 ct

289 2743 342 2759 mox
359 2740 411 2765 post
426 2736 549 2766 dupliciler
565 2737 725 2760 substituimus
748 2738 784 2761 vel
800 2744 843 2766 pro
865 2744 913 2761 vno
929 2738 1006 2766 modo,
1026 2745 1052 2760 ae
1068 2739 1127 2761 eirca

290 2776 358 2798 finem
375 2777 528 2803 responsionis
545 2779 596 2804 post
612 2775 750 2800 relationem
765 2778 885 2804 posuimus
902 2777 933 2799 cal
949 2777 1015 2800 aliud
1031 2778 1080 2799 loeo
1097 2777 1129 2800 ad

290 2814 386 2843 aliquid.

351 2853 361 2867 2
378 2853 433 2875 Cod.
445 2860 471 2875 aa
483 2859 530 2876 ‘non
548 2860 721 2883 quamcumque
737 2854 855 2877 notionem
866 2854 984 2883 importat,
1000 2855 1040 2877 sed
1051 2855 1129 2878 solum

287 2892 437 2921 personalem
446 2901 455 2920 ,·
472 2892 522 2914 cod.
541 2893 559 2914 T
571 2898 619 2915 ηοη
631 2898 803 2922 qnamcmnque
815 2892 953 2915 relativum
964 2892 1001 2916 vel
1011 2893 1128 2916 notionem

290 2930 407 2960 importat.
426 2931 475 2953 Mox
492 2934 543 2959 post
559 2930 617 2960 saci!
633 2931 677 2953 tide
690 2932 840 2954 vetustiorum
853 2938 907 2954 mss.
920 2936 942 2954 et
959 2932 994 2954 ed.
1017 2933 1022 2954 l
1044 2939 1128 2960 expun-

291 2971 365 2992 ximus
382 2969 456 2992 illam.

1246 2699 1255 2714 3
1272 2701 1294 2722 111
1313 2700 1361 2723 Vat.
1379 2704 1400 2723 et
1417 2701 1465 2723 solo
1483 2701 1532 2723 cod.
1551 2707 1576 2723 ec
1593 2701 1693 2724 indebite
1710 2702 1819 2724 omittitur
1836 2702 1935 2724 lantimz.
1954 2702 2023 2724 Paulo

1184 2742 1235 2761 ante
1252 2739 1303 2761 eod.
1321 2739 1339 2761 Υ
1356 2742 1408 2767 post
1424 2738 1504 2762 unitas
1520 2739 1593 2762 mlius
1609 2740 1672 2762 addit
1688 2739 1713 2762 in
1730 2739 1805 2763 tribas
1818 2740 1934 2769 personis.

1246 2777 1255 2791 ⁴
1274 2778 1323 2800 Vat.
1341 2780 1431 2806 praeter
1448 2778 1518 2800 tidem
1542 2785 1596 2801 mss.
1622 2781 1644 2801 et
1665 2778 1701 2801 ed.
1728 2780 1736 2801 fl
1768 2778 1844 2802 Tertio
1860 2778 2024 2808 principaliter

1184 2815 1309 2846 quaeritur
1333 2816 1360 2839 de
1385 2816 1529 2846 differentia,
1556 2820 1578 2840 ot
1598 2824 1651 2840 mox
1676 2824 1729 2840 cum
1758 2817 1808 2840 cod.
1834 2824 1860 2840 ce
1877 2820 1929 2846 post
1946 2817 2023 2841 trinus

1185 2854 1253 2876 hahet
1269 2854 1306 2877 vel
1321 2861 1364 2883 pro
1381 2856 1408 2877 et.

1247 2893 1256 2907 ⁵
1274 2893 1362 2922 lsi(lor.‚
1382 2894 1425 2916 Vll.
1443 2895 1570 2922 Etymolog.
1595 2900 1614 2917 c.
1633 2894 1661 2917 4:
1679 2895 1776 2917 Trinitas
1793 2895 1934 2923 appellatur,
1960 2895 2023 2923 quod

1185 2932 1221 2955 liat
1239 2935 1311 2955 totum
1329 2939 1399 2955 unum
1416 2940 1443 2956 ex
1460 2934 1600 2962 quibusdam
1617 2934 1700 2962 tribus,
1719 2935 1783 2963 quasi
1803 2933 1922 2957 azimitas.
