2215 3404
230 307 258 325 Ad
263 306 347 330 'opposi-

266 332 310 348 tum.

241 1571 290 1595 Qum
305 1571 353 1589 idea.

253 1903 357 1923 Conclusio,

362 175 417 202 6110
1049 169 1300 198 SENTENTIARUM
1324 169 1381 197 [AB.
1404 169 1421 197 1.

438 251 565 279 (ἶοΝἰίιΑ;
594 251 614 278 1.
637 249 808 286 Augustinus
829 249 864 277 ad
887 247 1084 277 Nebridium‘:
1102 247 1201 277 «Dico.

360 301 496 335 quantum
518 297 553 325 ad
575 297 715 325 hominem
738 296 873 332 pertinet⁷
895 298 1003 323 tantum
1027 294 1140 331 quidem
1156 294 1202 322 lio-

360 345 456 376 minis,
483 352 536 372 non
565 351 655 372 meam
682 343 726 371 vel
753 346 845 373 tuam,
874 342 911 370 ibi
939 349 999 370 esse
1029 341 1162 369 rationem
1176 351 1201 368 »:

359 399 426 429 ergo
448 391 641 428 multiplicat-io
661 390 705 419 vel
727 389 866 418 distinctio
895 389 1022 417 idearum
1051 387 1203 416 attenditur

360 439 450 467 solum
473 438 627 467 secundum
651 436 841 465 diversitatem
864 435 1076 464 universalium.

438 486 464 513 ξ).
487 485 569 514 Item.
592 484 693 512 artifex
715 486 827 512 creatus
848 490 898 519 per
920 490 1005 510 unam
1028 481 1118 510 ideam
1145 488 1205 516 pro-

360 532 437 561 ducit
459 532 560 560 mulla:
584 539 650 568 ergo
672 539 736 559 cum
759 531 811 558 hoc
832 530 868 558 sit
882 528 1050 560 nobilitatis,
1065 528 1140 556 Deus
1154 534 1205 564 per

360 587 445 607 unam
469 578 559 607 ideam
582 586 612 606 re
633 581 660 606 et
681 577 788 605 ratione
810 576 899 604 multa.
925 575 1058 604 diversa²
1088 580 1206 602 numero

360 625 497 662 producit.

440 671 465 699 3.
487 671 568 705 item,
591 670 732 707 singulare
755 672 786 698 ut
807 669 949 706 singulare
970 671 1012 697 est
1026 666 1206 703 compositius

360 718 524 748 universali:
547 726 613 754 ergo
634 718 656 746 si
678 721 720 746 est
741 717 803 746 idea
818 717 845 744 in
860 716 916 745 Deo
932 715 1081 752 singularis
1103 717 1133 742 ut
1155 714 1207 742 sin-

361 766 481 803 gularis.
496 768 561 794 tunc
577 773 644 801 ergo
658 768 700 793 est
714 772 770 792 una
786 764 847 792 idea
861 763 949 791 altera
970 761 1136 799 simplicior;
1158 760 1205 789 sed

362 814 413 842 hoc
434 816 476 842 est
498 812 707 842 inconveniens:
729 819 796 848 ergo
817 814 867 839 etc.

439 861 466 888 4.
488 860 570 893 ltem.
593 858 735 896 singulare
756 858 844 895 magis
876 857 1023 895 proprium
1052 859 1094 885 est
1121 864 1205 892 quam
1249 870 1254 874 —

362 906 558 936 universale³z
582 906 603 935 si
626 914 692 942 ergo
715 906 741 933 in
763 905 819 933 Deo
841 908 882 933 est
904 904 966 932 idea
988 903 1155 932 universalis
1177 905 1208 931 ut

362 954 544 987 universalis,
559 956 585 981 et
600 952 750 989 singularis
764 955 795 980 ut
810 951 975 988 singularis³
990 958 1057 987 ergo
1071 958 1127 978 una
1145 949 1208 978 idea

363 1001 536 1030 communis.
558 1000 646 1028 altera
671 999 793 1036 propria.
815 999 867 1027 Sed
890 1005 1037 1026 commune
1060 997 1138 1034 prius
1166 1000 1208 1025 est

363 1051 390 1076 et
411 1047 566 1084 simplicius
597 1049 639 1075 est
670 1054 754 1082 quam
784 1045 945 1082 proprium:
975 1052 1042 1081 ergo
1063 1052 1119 1072 una
1148 1043 1207 1072 idea

363 1097 404 1123 est
426 1094 513 1122 altera
535 1093 612 1130 prior
633 1096 660 1122 et
682 1093 846 1129 simplicior:
869 1099 936 1129 ergo
962 1092 987 1119 in
1011 1091 1067 1119 Deo
1096 1093 1137 1119 est
1164 1098 1209 1127 po-

364 1148 430 1169 nere
444 1140 569 1169 ordinem
587 1143 614 1168 et
629 1139 856 1176 compositionem
871 1138 1061 1168 essentialem„
1077 1145 1143 1174 ergo
1158 1140 1208 1165 etc.

678 1239 891 1260 CONCLUSIO.

367 1328 450 1356 [deae
475 1327 690 1364 plur‘z‘sieantztr
718 1334 776 1354 non
807 1325 901 1353 solum
930 1325 1091 1353 seeundum
1118 1323 1213 1351 nmm-

445 1375 572 1403 tudinem
611 1373 849 1406 nniversalsum,
880 1373 930 1401 secl
961 1372 1049 1400 etiam
1084 1371 1213 1409 singulu-

445 1431 534 1450 reum.

447 1516 622 1544 Respoxnsso:
652 1514 823 1548 Dicendum.
846 1513 921 1550 quod
945 1513 1003 1541 idea
1034 1513 1061 1541 in
1091 1513 1146 1541 Deo
1175 1520 1213 1540 se-

369 1563 493 1592 cundum
516 1570 576 1591 rem
598 1565 640 1590 est
654 1562 748 1590 divina
772 1560 1060 1593 veritas,sem1nstum
1077 1560 1212 1588 rationem

369 1610 539 1646 intelligendi
561 1613 603 1638 est
624 1609 777 1638 similitudo
799 1608 909 1645 cogniti.
931 1608 1000 1635 llaec
1022 1610 1116 1635 autem
1143 1606 1214 1634 simi-

368 1658 456 1686 litudo
478 1661 519 1686 est
541 1657 618 1685 ratio
640 1656 809 1693 expressiva
832 1655 1013 1692 cognoscendi
1036 1663 1090 1683 non
1106 1657 1212 1682 tantum

368 1705 543 1734 universale.
566 1704 614 1733 sed
636 1704 717 1732 etiam
742 1703 899 1740 singulare,
921 1702 1050 1739 quamvis
1074 1702 1132 1739 ipsa
1160 1709 1213 1729 non

369 1753 403 1781 sit
425 1751 593 1780 universalis
614 1758 664 1779 nec
687 1750 852 1787 singularis,
882 1749 954 1778 sicut
979 1757 1029 1777 nec
1056 1749 1162 1777 Deus&
1186 1749 1215 1776 Et

370 1800 431 1828 ideo
452 1807 506 1827 non
528 1802 638 1826 tantum
661 1801 701 1826 est
724 1797 878 1826 similitudo
907 1796 1083 1830 universalis.
1106 1799 1136 1824 ut
1158 1796 1216 1823 uni-

370 1846 477 1875 versale
493 1848 546 1879 est,
562 1845 610 1874 sed
627 1845 709 1873 etiam
727 1844 877 1881 singularis
890 1847 921 1872 ut
936 1843 1087 1880 singulare⁷
1103 1845 1130 1871 et
1145 1843 1214 1876 ideo.

371 1893 435 1931 quia
459 1893 611 1921 similitudo
633 1895 673 1921 est
696 1896 896 1928 utrorumque.
927 1899 980 1918 non
1010 1890 1099 1919 solum
1127 1890 1218 1918 multi-

371 1941 491 1977 plicatur
512 1939 668 1968 secumium
691 1939 900 1967 multitmtlinem
923 1937 1143 1966 universalium.
1168 1937 1214 1965 sed

1259 247 1342 275 etiam
1365 247 1558 284 singularium.
1583 247 1613 275 Et
1627 248 1678 275 hoc
1700 251 1741 276 est
1756 249 1829 285 quod
1852 249 1919 277 dicit
1933 249 2103 285 Augustinus

1259 293 1295 321 ad
1317 293 1493 322 Nebridium:
1511 293 1610 327 «Dico,
1632 297 1767 331 quantum
1790 295 1824 323 ad
1847 295 1987 324 hominem
2007 296 2104 324 tacien—

1260 339 1328 367 dum
1340 340 1349 354 ⁵
1365 339 1486 368 hominis
1507 342 1615 368 tantum
1640 348 1700 369 esse
1716 341 1866 375 rationem,
1882 345 2016 378 quantum
2037 350 2104 370 vero

1261 386 1296 414 ad
1318 386 1414 414 orbem
1437 386 1570 423 temporis
1591 387 1683 416 varias
1706 387 1849 416 hominum
1872 389 1992 418 rationes
2008 389 2035 417 in
2058 389 2105 418 illa

1261 432 1419 460 sinceritate
1441 432 1573 461 vivere».

1343 480 1367 507 1.
1390 479 1421 507 Et
1435 487 1470 507 ex
1486 480 1538 508 hoc
1554 483 1629 516 patet
1643 480 1744 509 solutio
1760 481 1835 510 illius
1850 482 1928 510 verbi
1943 482 2103 519 Augustini,
2117 486 2187 513 ⁵⁰¹¹÷2³⁰
2200 496 2202 502 ·

1262 525 1328 563 quia
1356 526 1526 562 Augustinus
1555 526 1636 561 dicit,
1665 528 1740 564 quod
1766 529 1895 565 quamvis
1927 529 2105 562 universalis.
2121 511 2211 548 posaoml

1263 575 1294 600 ut
1315 572 1474 601 universale
1496 575 1552 608 est,
1575 581 1631 601 una
1653 574 1687 602 sit
1710 574 1783 609 idea,
1806 577 1897 604 tamen
1921 575 2105 612 singularium
2207 576 2212 611 l

1263 621 1294 646 ut
1309 618 1461 655 singularia
1476 621 1541 647 sunt
1555 619 1660 656 plures.
1677 621 1752 649 Unde
1774 621 1876 650 ibidem
1893 621 1987 654 dicit“.
2007 633 2020 648 «
2032 622 2106 659 quod
2207 615 2210 622 ’

1263 665 1285 693 si
1306 665 1369 702 quis
1392 666 1458 694 velit
1479 666 1570 695 facere
1591 667 1743 704 angulum,
1765 668 1867 697 sufficit
1888 669 1992 698 hahere
2014 670 2107 707 anguli

1263 713 1407 741 rationein.
1429 713 1456 741 Si
1478 713 1540 750 quis
1555 717 1648 743 autem
1664 714 1729 743 velit
1744 715 1858 752 pingere
1872 716 2108 754 quadrangulum.

2206 716 2210 734 l

1264 767 1375 788 necesse
1400 762 1460 791 est.
1489 760 1563 797 quod
1592 761 1728 790 rationem
1755 762 1855 791 habeat
1880 766 2001 800 quatuor
2026 771 2110 801 angu-
2206 739 2211 800 i

1265 807 1356 835 lorum
1369 818 1395 834 n.
2207 801 2210 823 ⁴

1343 858 1352 868 ι,

1344 855 1368 882 2.
1391 854 1429 882 Ad
1451 853 1521 882 illud
1542 862 1609 891 ergo
1633 855 1709 892 quod
1731 855 1876 891 obiicitur,
1905 857 1980 894 quod
2008 857 2110 886 artifex

1264 903 1374 931 creatus
1397 900 1527 937 producit
1551 900 1639 929 multa
1661 910 1711 938 per
1726 910 1811 931 unam
1828 902 1935 937 ideam;
1950 903 2109 938 dicendum,

1264 947 1339 984 quod
1362 948 1413 976 hoc
1435 948 1500 976 facit
1520 956 1571 984 per
1593 948 1805 986 applicationem
1828 950 1917 987 ipsius
1935 950 1969 979 ad
1986 950 2111 980 diversas

1264 994 1403 1023 materias.
1426 994 1501 1023 Unde
1523 995 1545 1023 si
1568 995 1652 1023 habet
1673 996 1763 1024 solum
1787 996 1876 1025 ideam
1891 1005 1993 1031 unam,
2012 997 2112 1034 impos-

1264 1041 1343 1070 sihile
1364 1044 1406 1069 est
1427 1041 1593 1078 intelligere,
1615 1042 1689 1079 quod
1712 1043 1865 1071 secundum
1888 1043 1965 1072 illam
1992 1044 2109 1081 simplici

1264 1091 1378 1125 aspectu
1390 1092 1536 1125 cognoscat
1544 1089 1670 1123 diversa3
1683 1089 1757 1118 Deus
1765 1093 1859 1119 autem
1871 1090 1990 1127 simplici
1998 1094 2112 1128 aspectu

1266 1135 1405 1172 cognoscit
1426 1135 1579 1172 singularia
1601 1139 1632 1164 ut
1647 1136 1758 1165 diversa
1769 1137 1788 1171 ⁷,
1804 1137 1841 1165 ita
1863 1137 1937 1174 quod
1957 1138 2112 1167 secundum
2206 1155 2207 1170 l

1267 1185 1357 1223 totum
1379 1185 1405 1210 et
1427 1182 1583 1211 secundum
1605 1183 1734 1220 proprias
1756 1184 1926 1213 differentias
1948 1187 1974 1213 et
1989 1185 2114 1222 proprie-

1269 1231 1350 1261 tates;
1373 1229 1435 1257 ideo
1456 1237 1509 1257 non
1532 1233 1574 1258 est
1595 1230 1693 1259 simile.

1349 1275 1373 1303 3.
1396 1276 1422 1303 [ι.
1445 1276 1482 1304 Ad
1506 1276 1574 1305 illud
1597 1277 1671 1313 quod
1692 1276 1822 1306 obiicitur
1853 1278 1887 1306 de
1916 1278 2113 1315 compositione

1269 1326 1296 1351 et
1317 1323 1476 1359 prioritate,
1499 1323 1662 1357 dicendum.
1684 1325 1759 1361 quod
1783 1332 1832 1353 nec
1854 1325 2009 1354 secundum
2031 1334 2113 1359 rem,

1270 1378 1319 1398 nec
1342 1370 1496 1398 secundum
1520 1371 1664 1399 rationem
1685 1374 1794 1409 oportet
1821 1372 1896 1408 quod
1926 1371 1987 1401 idea
2015 1372 2115 1401 habeat

1271 1417 1353 1445 ideati
1376 1417 1568 1454 proprietates.
1598 1417 1665 1446 Nam
1691 1418 1864 1454 corporalisss
1892 1421 1933 1447 est
1962 1419 2115 1447 similitudo

1271 1464 1438 1501 spititualis,
1454 1468 1480 1492 et
1495 1465 1638 1501 compositi
1654 1467 1695 1493 est
1710 1465 1864 1494 similitudo
1880 1465 2016 1502 simplex,
2031 1465 2113 1494 etiam
2130 1469 2195 1488 Nom(
2207 1476 2214 1488 ιι

1272 1512 1297 1539 in
1319 1512 1472 1544 creaturis;
1494 1511 1556 1540 ideo
1578 1520 1632 1540 non
1653 1515 1775 1549 oportet,
1799 1513 1873 1549 quod
1904 1521 1959 1541 una
1991 1513 2053 1542 idea
2081 1513 2115 1542 sit

1271 1558 1358 1586 altera
1380 1559 1533 1595 simplicior
1555 1558 1598 1587 vel
1620 1559 1706 1595 prior.
1728 1559 1886 1588 Similitudo
1907 1563 1999 1588 tamen
2022 1567 2117 1589 secun-

1271 1605 1339 1634 dum
1363 1606 1497 1634 rationem
1519 1605 1690 1642 intelligendi
1713 1606 1798 1634 habet
1818 1606 2017 1643 proprietatem
2033 1606 2117 1635 ideati

1272 1652 1425 1681 secundum
1449 1652 1672 1686 (listincttonem,
1688 1656 1747 1681 tum
1764 1656 1877 1690 propter
1896 1653 2118 1689 correlationem,

1271 1699 1337 1736 quia
1365 1703 1475 1737 oportet
1498 1700 1589 1736 quod,
1619 1708 1674 1728 uno
1697 1700 1897 1728 relativorum⁰
1920 1700 2118 1738 multiplicato,

1272 1746 1475 1783 multiplicetur
1496 1750 1523 1775 et
1549 1746 1703 1783 reliquum,
1730 1747 1828 1775 saltem
1855 1747 2010 1776 secundum
2040 1747 2120 1776 ratio-

1273 1802 1352 1824 nem.
1377 1793 1422 1821 ubi
1445 1796 1486 1822 est
1502 1793 1598 1822 relatio
1614 1794 1769 1822 secundum
1785 1794 1937 1829 rationemg
1952 1797 2011 1823 tum
2026 1794 2118 1829 etiam,

1244 1866 1246 1879 ·,
1273 1840 1339 1877 quia
1361 1840 1514 1868 slmilitudo
1536 1840 1583 1868 illa
1604 1843 1645 1869 est
1670 1841 1740 1869 ratio
1769 1841 1946 1878 exprimendi
1975 1844 2001 1870 et
2027 1841 2120 1870 distin-

1274 1887 1392 1924 giiensli;
1415 1890 1441 1915 et
1456 1886 1526 1920 ideo,
1542 1888 1671 1924 quamvis
1687 1888 1837 1924 recipiatur
1853 1888 2008 1925 proprietas
2027 1888 2121 1917 distin-

1274 1934 1390 1967 ctionis,
1412 1942 1466 1961 non
1489 1937 1597 1971 oportet
1619 1937 1711 1963 tamen
1733 1935 1768 1963 de
1790 1935 1895 1963 aliis¹⁰.

440 2397 445 2410 1
466 2397 533 2424 Epist.
556 2395 589 2418 tt.
608 2402 629 2417 n.
650 2395 669 2417 4.
690 2407 721 2411 -—
747 2395 769 2416 ln
794 2396 852 2416 textu
879 2395 945 2416 allato
964 2393 1013 2416 Vat.
1033 2396 1084 2421 post
1105 2392 1220 2416 Hominem

376 2435 443 2458 addit
459 2434 606 2464 faciendum,
627 2440 701 2463 neque
720 2433 787 2456 codd.
806 2439 881 2461 neque
898 2433 934 2455 ed.
956 2433 961 2454 1
984 2432 1176 2460 ςυῐΐιᾞςῑιιηὼιις;
1202 2434 1223 2453 et

376 2474 475 2497 subinde
493 2480 535 2502 pro
552 2480 599 2496 non
612 2479 690 2496 memn
708 2479 752 2495 non
771 2473 838 2500 pauci
856 2472 923 2494 codd.
942 2478 1065 2500 perperam
1083 2471 1223 2493 substituunt

377 2515 403 2537 ut
420 2519 504 2536 mnam.
523 2513 572 2535 Mox
590 2519 632 2541 pro
650 2512 759 2535 idearum
776 2512 826 2534 Vat.
845 2518 898 2534 cum
916 2511 966 2533 cod.
985 2517 1010 2533 cc
1028 2510 1168 2533 ideam-nm.

440 2553 448 2567 ‘2
466 2553 526 2574 Multi
544 2552 611 2574 codd.
630 2554 654 2574 ut
670 2550 766 2573 ACFu
777 2551 808 2572 lK
820 2551 837 2572 R
849 2551 917 2572 STU
935 2552 976 2572 etc.
995 2556 1047 2572 curn
1066 2549 1118 2572 cdd.
1137 2550 1157 2577 ll,
1176 2550 1196 2577 2,
1210 2550 1223 2571 3

378 2592 488 2620 themam,-
506 2592 555 2614 cod.
576 2592 595 2614 V
612 2591 728 2614 (Itsti'neto.

442 2631 451 2645 ³
467 2632 514 2653 Hoc
531 2632 619 2653 eruitur
636 2637 662 2652 ex
681 2630 812 2652 delinitione
831 2630 930 2657 proprii,
949 2629 1012 2658 quod
1040 2630 1099 2651 iuxta
1117 2629 1223 2655 Ariston,

380 2671 392 2692 l.
411 2671 490 2698 Topic.
508 2677 527 2692 c.
547 2670 567 2691 4.
585 2669 630 2692 soll?
647 2670 765 2691 convenit:
782 2669 873 2691 «Nemo
890 2669 951 2690 enim
963 2669 1083 2696 proprium
1096 2668 1223 2696 dicitquod

378 2711 488 2738 contingit
505 2710 541 2732 atii
559 2710 663 2731 inesse».
682 2709 707 2730 Et
724 2708 738 2730 l.
758 2708 882 2730 Perilierm.
900 2714 919 2730 c.
939 2707 959 2729 5
979 2707 1006 2733 (c.
1025 2707 1070 2735 7.):
1092 2715 1101 2727 ε(
1116 2707 1169 2729 Dico
1188 2713 1225 2728 an-

379 2754 425 2773 tem
442 2749 571 2772 universale
590 2748 653 2777 quod
671 2748 692 2769 in
708 2746 820 2776 pluribus
839 2747 966 2774 praedicari
989 2749 1067 2769 natum
1085 2749 1131 2773 θεὶς
1149 2747 1225 2773 singn-

380 2790 425 2811 lare
442 2795 498 2810 vero
516 2787 579 2816 qnod
597 2793 642 2809 non
653 2795 673 2808 n.
691 2799 722 2802 —
739 2786 788 2808 Mox
802 2785 916 2814 postidea
930 2784 1062 2808 communis
1080 2784 1147 2807 codd.
1166 2784 1185 2805 V
1196 2784 1224 2805 W

380 2828 503 2851 subiiciunt
520 2828 559 2850 est.

442 2866 450 2881 ⁴
469 2866 512 2889 Cl'r.
531 2867 568 2888 nic
586 2873 607 2894 q.
626 2867 647 2887 2.
665 2865 694 2887 ad
712 2865 738 2893 3,
756 2868 776 2886 ct
795 2864 817 2886 (l.
841 2865 872 2886 10.
892 2871 913 2892 p.
934 2864 955 2885 ll.
974 2870 994 2892 q.
1014 2865 1040 2888 2,
1064 2863 1102 2885 ubi
1121 2866 1143 2886 et
1160 2864 1224 2891 plura

379 2910 514 2934 occurrunt,
533 2912 592 2934 qnae
610 2905 638 2927 ad
656 2904 795 2927 ohim-nonos
812 2904 942 2931 respiciunt

443 2945 519 2967 ⁵)x'at.
539 2946 574 2967 liic
592 2944 654 2966 nddit
669 2943 783 2973 pertinet,
804 2948 846 2970 pro
870 2948 915 2970 qno
940 2942 960 2963 in
979 2945 1039 2964 textu
1063 2942 1158 2969 orig-nali
1177 2940 1226 2963 attt-

1280 2394 1324 2416 mt.
1342 2393 1421 2415 Nostra
1441 2393 1505 2415 lectio
1523 2394 1627 2422 sequitur
1645 2393 1824 2421 praestantiores
1841 2391 1908 2414 codd.
1927 2391 1996 2414 Paulo
2014 2394 2066 2419 post
2082 2397 2124 2419 pro

1280 2432 1360 2456 orbem
1378 2433 1427 2455 Vat.
1446 2439 1498 2455 cum
1516 2433 1552 2455 ed.
1575 2433 1579 2454 1
1594 2451 1599 2461 ,
1618 2432 1685 2454 codd.
1704 2435 1726 2454 et
1744 2433 1804 2454 textu
1817 2431 1921 2459 originali
1933 2430 2123 2459 repugnantibus,

1280 2471 1395 2495 ordinem.

1342 2510 1351 2524 ¹³
1370 2511 1437 2538 Epist.
1461 2510 1492 2532 14.
1511 2517 1532 2532 n.
1551 2510 1576 2538 4,
1595 2510 1634 2532 ubi
1653 2512 1725 2532 textus
1743 2509 1861 2537 originalis
1878 2510 1922 2531 sic:
1941 2509 2018 2537 ltaque
2036 2509 2125 2537 quoties

1281 2549 1439 2572 demonstrare
1465 2550 1576 2577 angulum
1603 2550 1667 2577 volo,
1695 2555 1739 2571 non
1766 2549 1807 2571 nisi
1834 2555 1878 2571 una
1900 2548 1956 2570 ratio
1974 2547 2052 2576 anguli
2070 2548 2124 2569 mihi

1281 2590 1391 2617 occurrit,
1409 2589 1451 2611 sed
1475 2589 1615 2617 quadratum
1641 2594 1788 2617 nequaqnam
1810 2587 1948 2615 scriberem⁷
1967 2587 2009 2609 nisi
2027 2589 2126 2615 quatuor

1281 2628 1348 2650 simul
1366 2628 1505 2655 angulorum
1522 2628 1633 2650 rationem
1652 2628 1758 2649 intuerer.

1343 2667 1352 2681 ⁷
1371 2666 1442 2689 Codd.
1460 2667 1479 2688 Κ
1490 2667 1506 2688 L
1517 2666 1534 2688 O
1546 2666 1563 2688 Y
1581 2673 1606 2688 aa
1626 2666 1753 2694 adiungunt
1777 2664 1928 2695 singulares„-
1946 2664 2015 2693 paulo
2032 2664 2125 2686 interius

1283 2706 1349 2729 codd.
1368 2706 1383 2727 L
1394 2705 1411 2727 O
1430 2706 1481 2727 voci
1499 2704 1656 2734 proprietates
1674 2705 1822 2732 praemittunt
1839 2703 1952 2726 diuersas.

1344 2744 1353 2759 8
1371 2745 1421 2767 Vat.
1439 2744 1503 2768 Nam
1520 2743 1556 2766 rei
1573 2743 1700 2766 natio-alis.
1718 2744 1767 2765 Mox
1793 2743 1874 2765 cadem
1892 2742 1942 2764 Vat.
1961 2747 2014 2764 cum
2031 2741 2083 2763 cod.
2100 2747 2125 2763 cr

1282 2785 1364 2806 omittit
1380 2783 1464 2806 alteru.

1344 2822 1354 2836 ‘³
1371 2822 1426 2845 Cod.
1453 2822 1471 2843 T
1498 2828 1551 2843 cum
1576 2822 1690 2843 nonnullis
1716 2822 1764 2843 aliis
1791 2820 1858 2843 codd.
1876 2823 1898 2842 et
1915 2820 1952 2842 ed.
1971 2820 1983 2841 3
2007 2817 2126 2843 correlati-

1282 2868 1376 2884 corum.

1347 2900 1365 2914 ¹⁰
1383 2901 1406 2923 ld
1424 2903 1468 2922 est:
1481 2906 1525 2922 non
1539 2903 1634 2928 oportet,
1648 2899 1711 2928 quod
1723 2899 1778 2921 aliae
1792 2900 1942 2927 proprietates
1959 2898 2086 2920 ideatoruut
2104 2897 2124 2917 in

1284 2941 1421 2962 intellectum
1439 2940 1586 2967 recipianuu·‚
1605 2942 1695 2966 praewr
1712 2939 1772 2959 illam
1791 2938 1953 2965 proprietatem
1971 2935 2125 2959 distinctionis
