2215 3404
719 191 802 219 DIST.
825 191 902 219 XXX.
924 191 997 219 ART.
1019 192 1134 220 UNICUS
1156 192 1290 228 QUAEST.
1313 194 1354 221 111.

158 274 265 305 tamen,
295 270 381 307 quial
414 273 478 299 sunt
509 270 545 299 ad
564 270 700 304 alterum,
729 269 862 298 dicuntur
882 269 1003 297 realiter

158 317 282 346 relative.

236 366 262 393 Ξ.
285 364 368 398 Item,
400 363 561 392 huiusmodi
592 363 705 392 uomina
735 366 784 391 aut
808 371 885 400 pare
906 363 1003 392 dicunt

157 412 282 441 divinam
304 411 504 445 substantiam,
525 413 574 439 aut
594 410 800 447 superaddant
818 410 941 447 aliquem
963 417 1004 438 re-

158 462 293 496 spectum.
315 459 341 487 Si
359 467 436 495 pare
460 458 583 487 divinam
613 457 796 486 substantiam
819 457 931 490 dicunt;
953 457 1002 485 sed

157 506 311 535 substantia
332 509 374 535 est
394 509 507 535 aeterna
527 508 554 534 et
574 505 610 533 ab
631 508 759 533 aeterno:
781 512 848 541 ergo
869 504 1003 533 dicuntur

159 553 194 582 de
221 553 279 582 Deo
299 553 335 581 ab
365 555 493 586 aeterno,
521 552 596 589 quod
617 551 721 580 falsum
742 554 792 580 est.
814 551 885 587 Ergo
905 559 1004 587 saper-

157 600 273 629 aclclant
302 600 424 637 aliquem
455 602 632 635 respectum,
664 606 731 635 ergo
759 598 932 626 relationem.
970 597 1004 626 Si

157 647 260 680 dieas,
282 646 358 683 quod
380 654 435 674 non
456 645 565 674 addunt
585 647 742 682 respectum
759 644 916 673 secundum
930 652 1003 677 rem,

157 693 206 722 sed
229 693 383 721 secundum
404 691 559 725 moclam²‚·
579 694 703 720 eontra.-
725 694 774 719 aut
796 690 835 719 illi
857 690 941 719 modo
963 698 1004 718 re-

157 739 276 775 spondet
295 738 402 776 aliquid
423 738 451 766 in
471 746 519 771 re,
540 740 590 766 aut
619 736 701 766 ailiil.
724 737 751 765 Si
776 737 884 774 ahquid
904 737 933 765 in
953 744 1002 764 re.-

157 793 224 823 ergo
245 785 358 814 realiter
373 785 506 814 dicuntur
520 784 636 814 relative
643 795 650 819 ;
672 785 695 813 si
715 783 802 812 m'la’t:
824 792 891 820 ergo
916 783 1003 812 falsus

156 834 199 861 est
213 832 313 860 modus
328 831 500 868 intelligendi
514 834 541 860 et
555 831 752 860 inconveniens
772 830 873 859 modus
884 829 1003 859 dicendi.

236 878 261 907 3.
282 878 363 913 Item,
379 881 444 907 sunt
458 878 597 915 quaedam
618 877 736 906 relativa
757 877 913 906 secundum
933 885 1003 910 esse,

146 925 294 963 ,quaedam
317 925 473 954 seeundum
494 924 561 953 atet.
584 924 636 954 Sed
655 924 684 952 in
702 924 826 953 relativis
847 924 1003 953 secundum

21 2103 154 2121 Fundamenta.

156 971 217 1000 dici
230 974 271 1000 est
284 972 390 1000 modas
410 974 569 1008 respectus,
584 971 612 999 in
626 970 751 1000 relativis
766 970 921 999 secundum
944 978 1003 998 esse

156 1021 198 1047 est
219 1018 328 1047 veritas
350 1021 506 1055 respectus3
536 1018 585 1047 sed
616 1018 748 1046 dominus
768 1020 795 1046 et
816 1025 917 1046 servus
938 1019 1004 1046 sunt

157 1065 274 1094 relativa
305 1065 460 1093 secundum
492 1073 567 1093 esse:
596 1072 663 1101 ergo
692 1067 846 1101 utrumqne
871 1064 1003 1101 importat

156 1115 325 1149 respectum,
347 1120 401 1140 non
416 1114 523 1140 tantum
539 1111 694 1140 secundum
709 1111 839 1144 modam,
855 1111 903 1139 sed
919 1111 1002 1139 etiam

156 1159 312 1188 secundum
333 1167 408 1187 rem.-
431 1166 498 1195 ergo
519 1162 570 1187 etc.

234 1206 260 1234 lt.
282 1206 366 1240 Item,
395 1205 560 1233 clomz'nizon
591 1205 696 1234 dictum
730 1205 764 1234 de
796 1205 852 1234 Deo
874 1205 911 1233 ita
932 1205 1002 1233 bene

156 1253 223 1281 dicit
253 1252 543 1289 superpositione1n³‚
571 1252 643 1281 sicut
670 1252 775 1281 dictum
802 1252 836 1280 de
857 1255 1002 1293 creaturag

157 1299 205 1328 illa
227 1299 311 1336 igitur
333 1299 519 1336 superpositio
548 1303 596 1327 aut
626 1300 740 1336 ponitur
762 1299 788 1327 in
811 1300 883 1332 Deo,
905 1302 955 1327 aut
976 1299 1003 1327 in

156 1350 315 1379 ereaturam
336 1354 389 1374 non
413 1346 439 1374 in
462 1350 605 1374 ereatara
625 1363 664 1366 —-
685 1349 807 1380 constat,
838 1346 905 1382 quia
936 1348 1003 1374 tunc

155 1393 230 1421 idem
245 1392 296 1421 sibi
311 1397 551 1429 superponeretur
565 1409 603 1412 —-
617 1400 684 1429 ergo
699 1393 812 1429 ponitur
825 1393 851 1420 in
867 1393 933 1420 Deo.
949 1392 1002 1421 Sed

156 1439 341 1476 superpositio
363 1442 403 1467 est
427 1447 491 1468 vere
512 1439 624 1468 relatio:
648 1447 714 1476 ergo
735 1443 786 1468 etc.

237 1487 261 1514 5.
283 1485 365 1520 Item,
394 1494 456 1514 cum
490 1486 566 1514 dico:
593 1485 667 1514 Deus
692 1488 783 1520 creat,
816 1486 861 1514 hic
889 1488 1002 1514 notatur

156 1532 263 1569 duplex
285 1535 444 1569 respectus,
467 1532 571 1561 scilicet
592 1540 693 1560 causae
714 1532 749 1560 ad
771 1532 916 1566 effectum,
939 1535 966 1560 et
988 1540 1002 1560 e

156 1587 299 1609 converso.
329 1580 381 1607 Aut
411 1587 478 1615 ergo
505 1582 625 1616 uterque
657 1579 747 1607 estin
773 1582 931 1612 ereatura,
953 1581 1003 1607 aut

156 1630 276 1664 uterque
297 1627 323 1655 in
341 1627 406 1660 Deo,
422 1629 471 1654 aut
493 1634 566 1655 unus
581 1627 608 1655 in
632 1627 699 1660 Deo,
720 1626 791 1654 alter
806 1626 833 1654 in
849 1629 1000 1654 creatura.

156 1674 268 1703 Constat
289 1674 364 1711 quod
386 1673 557 1711 impossibile
578 1677 620 1703 est
633 1677 787 1711 utrumque
802 1681 862 1702 esse
883 1673 910 1702 in
935 1674 1001 1707 Deo,

157 1722 222 1759 quia
242 1722 317 1750 Deus
333 1729 386 1749 non
401 1725 443 1750 est
464 1721 595 1755 esfectus;
616 1724 643 1750 et
657 1721 786 1750 similiter
800 1721 826 1749 iu
849 1724 1001 1754 ereatura,

156 1769 222 1805 quia
242 1773 372 1797 creatura
394 1776 446 1796 non
469 1771 510 1796 est
532 1768 576 1796 sui
598 1776 698 1802 causa,
720 1776 787 1804 ergo
808 1775 921 1796 necesse
941 1770 1002 1802 est,

156 1816 231 1852 quod
252 1816 323 1844 alter
345 1815 371 1843 in
393 1815 464 1843 Deo:
488 1823 554 1852 ergo
576 1819 626 1843 etc.

235 1864 260 1891 6.
282 1862 364 1897 item,
386 1871 449 1891 cum
471 1862 547 1891 dico:
570 1862 645 1891 Deus
660 1865 744 1896 creat,
759 1862 834 1890 Deus
855 1862 1001 1891 verissime

156 1912 198 1938 est
219 1917 318 1938 causa:
341 1911 368 1937 et
389 1909 411 1937 si
434 1917 500 1937 vera
522 1909 592 1937 rati0
623 1916 724 1937 causae
745 1908 822 1945 ponit
844 1916 940 1936 veram
962 1916 1003 1936 re-

157 1956 303 1990 lationem,
331 1956 493 1984 huiusmodi
526 1956 637 1983 nomina
668 1955 741 1984 dicta
763 1955 796 1983 de
818 1955 874 1983 Deo
896 1958 1003 1991 ponunt

157 2010 252 2031 veram
276 2002 448 2030 relationem.

235 2049 360 2077 CONTRA:
388 2049 408 2076 i.
432 2047 614 2084 Dionysius⁴:
643 2047 695 2075 «ln
711 2047 870 2075 causalibus
890 2050 916 2075 et
941 2055 1003 2075 cau-

158 2095 196 2125 sis
217 2104 270 2124 non
287 2095 438 2132 recipimus
453 2094 699 2131 reciprocationem
711 2104 737 2121 »ς
761 2102 827 2130 ergo
842 2102 906 2122 cum
927 2094 1003 2122 Deus

158 2142 193 2171 sit
214 2150 298 2171 causa
330 2141 531 2178 perfectissima
562 2144 726 2175 creaturae,
748 2149 802 2169 non
824 2141 946 2169 refertur
967 2141 1003 2169 ad

159 2193 333 2223 creaturam,
354 2188 483 2226 quamvis
511 2196 526 2216 e
554 2196 688 2217 converso
710 2192 839 2216 creatura
864 2188 1004 2216 reseratur

158 2237 193 2265 ad
214 2237 316 2273 ipsum.

238 2285 263 2311 2.
285 2283 367 2315 Item,
390 2283 574 2319 Philosophus
588 2283 596 2295 ⁵
623 2282 704 2316 dicit,
733 2282 806 2319 quod
831 2282 945 2311 scientia
966 2290 1005 2310 se-

160 2330 283 2359 cundum
306 2337 366 2358 esse
388 2330 509 2358 refertur
530 2329 564 2358 ad
587 2329 697 2364 scibile,
720 2330 768 2358 sed
791 2337 845 2357 non
871 2328 1006 2357 converti-

157 2380 217 2405 tur:
241 2385 307 2413 ergo
327 2377 347 2406 si
365 2377 456 2405 minor
471 2379 513 2405 est
528 2376 714 2413 dependentia
732 2376 780 2405 Dei
796 2376 831 2404 ad
847 2378 1006 2404 creaturam

1847 202 1902 229 5025

1060 277 1145 306 quam
1176 270 1281 299 scibilis
1311 271 1347 300 ad
1378 272 1537 307 scientiam,
1569 282 1635 311 ergo
1662 275 1739 303 nulla
1760 276 1788 304 in
1809 284 1841 305 eo
1862 281 1904 306 est

1061 316 1167 345 relatio.

1140 362 1165 391 3.
1188 362 1270 398 Item,
1291 364 1406 392 ratione
1436 364 1563 400 videtur,
1591 367 1656 403 quia
1677 367 1837 397 huiusmodi
1860 377 1906 398 no-

1061 409 1136 437 mina
1157 410 1179 438 si
1202 410 1298 438 dicunt
1319 410 1483 440 relationem
1505 412 1578 440 circa
1599 413 1700 447 Deum,
1722 418 1771 442 aut
1791 415 1838 443 illa
1863 419 1905 444 est

1057 464 1133 492 pure
1155 456 1249 484 divina
1269 457 1410 491 essentia,
1432 461 1481 486 aut
1501 458 1607 495 aliquid
1628 461 1861 497 supera-dclitaiii.
1877 462 1903 490 Si

1057 510 1134 538 pare
1154 502 1203 530 Dei
1234 503 1376 537 essentia,
1407 511 1474 540 ergo
1506 507 1651 534 aeternum
1674 507 1753 543 quid,
1776 515 1842 544 ergo
1863 516 1904 537 re-

1060 550 1172 585 spectus
1193 548 1355 578 huiusmodi
1377 550 1522 579 nominum
1543 554 1585 580 est
1615 555 1760 581 aeternus:
1783 561 1849 590 ergo
1870 554 1905 583 de

1059 594 1224 623 necessitate
1252 595 1386 624 dicuntur
1416 596 1451 625 ab
1482 599 1603 627 aeterno.
1635 598 1662 626 Si
1694 602 1787 627 autem
1809 599 1905 628 dicunt

1059 640 1166 677 aliquid
1187 642 1430 678 superadditam:
1452 650 1518 680 ergo
1540 643 1567 671 in
1588 644 1644 673 Deo
1665 648 1707 673 est
1727 645 1821 682 aliqua
1835 654 1906 675 com-

1059 688 1169 725 positio.

1139 736 1165 763 li.
1187 735 1270 770 Item,
1291 735 1382 765 omnis
1403 736 1501 765 relatio
1532 737 1599 766 dicit
1626 738 1840 775 dependentiam
1861 740 1906 768 vel

1060 781 1159 810 saltem
1180 781 1308 810 ordinem
1340 785 1367 811 et
1398 783 1592 812 habitudinem
1613 785 1648 813 ad
1669 784 1755 819 illud,
1775 789 1906 823 respectu

1060 828 1141 857 cuius
1172 828 1288 863 dicitur;
1319 829 1368 858 sed
1399 830 1475 859 Deus
1501 838 1554 858 non
1575 831 1722 860 ordinatur
1742 840 1793 861 nec
1814 833 1907 861 termi-

1060 876 1175 904 natur⁶:
1198 884 1265 913 ergo
1286 876 1356 905 nihil
1377 876 1480 906 dicitur
1501 877 1535 906 de
1556 878 1612 906 Deo
1633 878 1749 907 relative
1776 882 1905 916 respectu

1060 926 1215 952 creaturae.
1234 945 1236 948 .

1377 1025 1587 1046 CONCLUSIO.

1059 1112 1200 1146 Nomina,
1220 1120 1295 1150 (lacte
1316 1112 1350 1140 de
1378 1112 1435 1140 Deo
1457 1120 1492 1140 ese
1524 1116 1649 1148 tempore
1669 1112 1825 1146 dicantar,
1847 1121 1902 1141 iio'n

1137 1160 1301 1196 important
1320 1159 1454 1197 aliquam
1475 1159 1645 1187 relationem
1658 1160 1819 1188 seeitmlaiiz.
1840 1168 1902 1188 rem

1138 1207 1169 1235 itt
1190 1207 1264 1240 Deo,
1289 1206 1340 1235 secl
1369 1206 1464 1234 solam
1495 1206 1655 1234 secandam
1686 1207 1805 1234 modian
1827 1207 1905 1235 intel-

1139 1253 1254 1290 liyeiicli.

1138 1348 1313 1376 ResPONDEo:
1347 1347 1384 1375 Ad
1414 1347 1465 1375 hoc
1492 1346 1703 1383 intelligendum
1724 1347 1794 1378 est7,
1825 1346 1900 1383 quod

1059 1393 1120 1421 clici
1138 1393 1299 1421 secandam
1331 1393 1499 1421 relationem
1535 1396 1576 1421 est
1604 1393 1767 1429 dupliciter:
1790 1396 1839 1421 aut
1866 1400 1905 1421 se-

1059 1441 1184 1469 cundum
1206 1449 1282 1474 rem,
1304 1443 1353 1468 aut
1374 1440 1530 1469 secundum
1551 1440 1680 1468 modam.
1699 1440 1796 1468 Realis
1810 1443 1904 1468 autem

1059 1488 1157 1516 relatio
1178 1487 1282 1524 triplex
1310 1490 1361 1516 est.
1393 1487 1547 1524 Aliquando
1568 1486 1641 1515 enim
1664 1486 1798 1515 tundatur
1819 1494 1905 1523 super

1056 1534 1267 1571 proprietatem
1289 1533 1511 1567 accidentalem,
1527 1537 1558 1562 ut
1573 1533 1727 1562 similitudo
1748 1533 1775 1561 in
1798 1533 1904 1569 duplici

1058 1580 1223 1615 albedine&
1245 1580 1395 1617 aliquando
1417 1588 1502 1617 super
1524 1580 1741 1616 clepemleiitiam
1770 1579 1904 1607 essentia-

1059 1627 1129 1661 lem,
1151 1627 1223 1656 sicut
1244 1630 1388 1664 respectus
1404 1627 1447 1655 vel
1462 1627 1560 1655 relatio
1575 1627 1707 1655 materiae
1729 1626 1764 1654 ad
1784 1627 1902 1654 formam

1058 1691 1096 1694 —
1117 1682 1197 1708 nam,
1228 1674 1300 1702 sicut
1332 1674 1399 1702 dicit
1430 1673 1642 1710 Philosophus-⁹,
1679 1673 1823 1701 «materia
1851 1673 1903 1701 hoc

1058 1722 1151 1758 ipsum
1173 1721 1248 1758 quod
1264 1724 1314 1755 est,
1329 1721 1364 1749 ad
1379 1720 1500 1749 alterum
1516 1724 1580 1749 est»
1607 1737 1639 1740 —-
1653 1720 1803 1756 aliquando
1818 1727 1903 1756 super

1058 1768 1201 1805 origytnem
1227 1767 1411 1801 naturalem,
1438 1767 1510 1795 sicut
1541 1767 1656 1795 effectus
1686 1766 1719 1794 ad
1743 1774 1855 1795 causant
1878 1769 1904 1794 et

1058 1815 1107 1843 filii
1129 1815 1164 1843 ad
1186 1817 1293 1851 patrem
1307 1814 1338 1842 ¹⁰.

1138 1861 1229 1889 Prima
1250 1861 1347 1889 relatio
1372 1869 1425 1889 non
1454 1864 1544 1897 potest
1563 1868 1624 1889 esse
1646 1860 1673 1888 in
1695 1860 1767 1894 Deo,
1789 1860 1854 1897 quia
1877 1860 1918 1906 int
1933 1865 2032 1891 Conclusio

1923 1888 1992 1906 rimeml

1058 1909 1115 1937 Deo
1135 1908 1214 1937 nulla
1235 1912 1277 1937 est
1294 1908 1464 1945 proprietas
1485 1907 1683 1936 aeetdencatts.
1702 1907 1828 1936 Secunda
1851 1914 1904 1934 non

1058 1958 1148 1992 potest
1169 1963 1229 1984 esse
1252 1955 1278 1983 in
1300 1963 1341 1989 eo,
1360 1955 1426 1991 quia
1446 1955 1524 1982 nulla
1539 1955 1565 1982 in
1583 1955 1636 1982 Deo
1651 1957 1693 1982 est
1708 1954 1902 1990 (lepemlentc'a.

1059 2002 1150 2030 Tertia
1171 2005 1212 2030 est
1233 2002 1260 2029 in
1281 2001 1354 2035 Deo,
1376 2001 1425 2029 sed
1447 2009 1501 2029 non
1523 2004 1652 2037 respectu
1675 2004 1834 2034 creaturae,
1856 2000 1905 2028 sed

1059 2052 1187 2086 respectu
1209 2056 1359 2085 personae3
1380 2048 1449 2077 haec
1470 2048 1543 2076 enim
1565 2056 1619 2075 non
1641 2047 1707 2076 dicit
1728 2047 1906 2084 compositio-

1059 2104 1123 2124 nem
1145 2103 1195 2124 nec
1217 2094 1420 2131 (lepenclentiae
1442 2094 1646 2123 Inclinationem
1660 2117 1666 2128 ,
1682 2094 1754 2122 sieut
1774 2093 1906 2130 primaet

1060 2141 1200 2175 secunda,
1223 2141 1272 2170 sed
1300 2141 1378 2178 ponit
1409 2140 1621 2169 distinctionem
1653 2144 1680 2169 et
1701 2140 1840 2168 ordinem.
1876 2140 1905 2167 Et

1060 2188 1191 2225 quoniam
1218 2195 1283 2216 vere
1316 2196 1372 2216 una
1400 2195 1519 2224 persona
1550 2187 1696 2215 ordinatur
1718 2187 1753 2215 ad
1774 2186 1857 2214 aliam
1880 2190 1906 2214 et

1061 2234 1253 2263 habitudinem
1278 2234 1360 2262 habet
1381 2237 1407 2262 et
1432 2233 1486 2261 alio
1514 2233 1596 2261 inodo
1618 2233 1772 2262 secundum
1795 2241 1854 2261 rem
1877 2241 1905 2261 se

1062 2282 1145 2310 habet
1166 2282 1202 2310 ad
1223 2289 1308 2309 unam
1331 2289 1414 2318 quam
1446 2281 1481 2309 ad
1513 2280 1612 2314 aliam:
1634 2280 1696 2309 ideo
1717 2281 1786 2309 haec
1808 2280 1906 2308 relatio

1062 2331 1103 2356 est
1125 2328 1151 2355 in
1172 2335 1292 2364 persona
1313 2330 1443 2364 respectu
1460 2326 1651 2363 personaefl,
1673 2327 1720 2355 sed
1740 2335 1794 2355 non
1817 2334 1906 2362 respe-

1063 2378 1109 2404 ctu
1131 2378 1294 2403 creaturae.
1316 2374 1383 2403 Nam
1405 2374 1480 2403 Deus
1511 2374 1546 2402 ad
1568 2377 1725 2403 crezttturam
1747 2382 1801 2402 non
1823 2373 1908 2402 habet

222 2572 228 2586 ¹
247 2573 287 2595 Ed.
310 2573 314 2594 l
335 2572 399 2595 addit
415 2572 466 2595 ista.

220 2611 229 2626 2
246 2612 335 2634 ScilIcet
351 2611 491 2639 intelligendi
508 2612 557 2634 sive
575 2611 672 2634 dicendi.
691 2612 812 2640 Notamus,
831 2611 894 2640 quod
920 2612 942 2633 in
961 2612 1003 2633 hac

159 2651 292 2679 quaestione
310 2651 332 2672 S.
350 2651 433 2673 Doctor
450 2650 541 2672 vorbis:
560 2651 637 2673 relati0
654 2651 783 2673 secundum
801 2650 910 2678 modam,
924 2657 1004 2673 secun-

159 2689 215 2711 dum
233 2688 360 2717 rationem,
380 2689 508 2711 secundnm
527 2689 573 2712 dici
588 2691 718 2717 promiscuo
736 2690 805 2711 utitur
823 2689 852 2711 ad
876 2689 1004 2716 significan-

159 2727 212 2749 dam
230 2728 327 2749 eandem
345 2734 393 2750 rem
404 2746 409 2755 ‚
428 2734 511 2756 nempe
528 2729 661 2750 relationem
679 2728 789 2756 rationis,
804 2735 862 2757 quac
875 2729 1001 2756 opponitur

159 2767 261 2789 relationi
280 2766 350 2795 reali,
370 2770 395 2789 ut
412 2773 438 2789 ex
456 2773 518 2795 corp.
531 2774 553 2796 q.
571 2770 630 2790 etex
643 2768 709 2789 solut.
722 2774 812 2795 argum.
825 2769 928 2795 apparet.
942 2767 1002 2789 Idem

159 2806 259 2827 occurrit
275 2812 345 2833 supra
363 2806 385 2827 (1.
405 2806 440 2827 28.
458 2805 514 2828 dub.
532 2807 553 2834 3,
570 2809 591 2828 et
609 2807 666 2828 infra
684 2806 705 2828 d.
724 2805 760 2828 34.
785 2813 806 2835 q.
833 2807 853 2827 2.
880 2806 908 2827 ad
934 2806 955 2828 (3.
973 2818 1004 2822 —

161 2845 221 2866 Multi
239 2844 306 2867 codd.
324 2845 346 2866 in
364 2846 405 2866 hac
423 2846 578 2873 propositione
595 2847 701 2868 omittunt
717 2851 765 2868 uoti
781 2848 832 2867 ant(-
857 2844 956 2872 nddmzt,
983 2847 1005 2867 ct

161 2883 212 2905 dein
231 2890 273 2911 pro
290 2883 331 2906 sed
346 2883 487 2906 substituunt
504 2885 525 2906 et
541 2883 625 2911 eliam;
643 2890 773 2912 perperam.

222 2922 231 2937 ³
245 2923 267 2944 ld
285 2926 325 2949 est,
345 2923 449 2945 ordinem
467 2924 639 2950 superioritatis.

225 2961 233 2975 ⁴
250 2962 281 2984 De
299 2962 373 2984 Dii-tn.
391 2962 454 2984 Nom.
473 2968 491 2984 (¹.
510 2963 531 2984 St.
548 2962 561 2991 ’Ξ
579 2963 599 2984 6.
617 2962 661 2984 Ct'r.
680 2969 749 2990 supra
767 2968 819 2990 pag.
839 2961 894 2989 34⁴5,
913 2963 964 2983 notu
983 2960 1003 2982 si.

1121 2572 1130 2586 ⁵
1148 2572 1179 2594 Do
1197 2571 1337 2594 l‘racdicam.
1355 2576 1373 2593 c.
1392 2570 1420 2592 de
1437 2569 1568 2597 Relatiovze,
1588 2572 1610 2591 et
1631 2569 1658 2591 V.
1677 2569 1772 2596 llletaph.
1794 2570 1844 2590 text.
1870 2568 1906 2588 20.

1060 2612 1106 2636 (lv.
1125 2618 1143 2633 (².
1167 2611 1216 2639 tta).

1120 2651 1130 2665 ⁶
1147 2651 1219 2672 Simul
1237 2650 1303 2672 audi:
1321 2656 1333 2671 a
1351 2651 1461 2671 creatura.
1473 2660 1505 2664 —
1517 2647 1575 2669 Vide
1592 2653 1661 2675 supra
1680 2653 1732 2674 pag.
1746 2645 1797 2671 453,
1816 2649 1867 2667 notu
1885 2645 1902 2666 i.

1121 2690 1131 2704 ⁷
1148 2690 1206 2717 Vnt.‚
1224 2691 1309 2711 mutatu
1327 2688 1520 2715 interpunctione,
1544 2686 1608 2708 addit
1631 2685 1763 2710 scic-mlum,
1792 2690 1833 2712 pro
1859 2690 1905 2712 quo

1060 2727 1127 2750 codd.
1146 2727 1166 2749 X
1177 2727 1192 2748 Z
1209 2726 1348 2749 notandum.

1121 2766 1131 2781 ⁸
1148 2767 1204 2788 Hinc
1220 2769 1242 2788 ct
1259 2766 1349 2788 Aristot.
1367 2766 1448 2787 similia
1473 2767 1541 2787 vocat
1561 2773 1570 2783 t(
1584 2770 1642 2792 quac
1659 2766 1712 2785 sunt
1729 2769 1800 2785 unum
1814 2763 1834 2784 iu
1848 2769 1903 2792 (μυι-

1061 2806 1154 2829 litate».
1172 2805 1216 2827 Csr.
1234 2811 1303 2832 supra
1322 2811 1375 2832 pag.
1394 2804 1446 2832 342,
1465 2806 1516 2826 nota
1534 2804 1554 2825 (3.

1122 2844 1131 2858 ⁰
1148 2843 1193 2865 Csr.
1211 2849 1279 2871 supra
1299 2849 1351 2870 pag.
1371 2842 1422 2871 453,
1440 2845 1492 2864 nota
1510 2842 1531 2863 6.

1124 2882 1142 2896 1⁰
1159 2883 1257 2904 Aristot..
1276 2881 1302 2903 V.
1321 2882 1417 2908 Melaph.
1435 2883 1486 2902 text.
1506 2881 1541 2902 20.
1561 2880 1605 2904 (tv.
1624 2885 1642 2901 c.
1665 2879 1715 2902 15ss

1124 2921 1141 2935 ¹¹
1160 2920 1203 2943 Csr.
1222 2926 1291 2948 supra
1310 2920 1332 2941 d.
1351 2920 1371 2941 8.
1390 2926 1411 2947 p.
1430 2920 1453 2941 ll.
1476 2926 1498 2947 q.
1521 2920 1537 2940 1.
1560 2919 1589 2940 ad
1612 2919 1632 2945 2,
1656 2918 1678 2940 d.
1703 2918 1738 2939 20.
1757 2924 1776 2939 a.
1796 2918 1816 2939 2.
1840 2923 1861 2945 q.
1891 2918 1905 2941 Ι,

1061 2960 1083 2982 d.
1102 2960 1138 2981 26.
1157 2966 1178 2988 q.
1199 2960 1218 2981 l.

1927 1351 1967 1369 bisi

1917 1491 1967 1509 subd

1971 1352 2034 1370 iuclio.

1970 1491 2021 1509 istin-

1982 1520 1988 1530 ‘t

1995 1893 2034 1906 iris.
