2215 3404
280 220 337 249 438

359 298 385 325 8.
408 296 446 325 Ad
478 295 609 324 uitiatum
641 296 858 331 argumentum,
881 292 946 329 quia
967 300 1021 320 non
1052 295 1126 320 recte

280 343 423 381 procedit,
454 341 559 380 patebit
587 341 689 369 melius
720 340 814 368 insra¹
840 339 991 376 responsio.
1023 339 1126 367 Tamen

280 393 371 428 potest
392 390 465 424 dici,
487 389 580 426 quod,
607 388 656 417 etsi
682 387 839 416 intellectus
868 394 1010 423 personae
1041 386 1128 423 possit

280 437 405 466 abstrahi
426 436 461 465 ab
484 435 539 464 liae
560 435 729 472 proprietate
751 433 956 466 determinate,
978 435 1070 460 tamen
1093 432 1127 460 de

281 492 331 513 suo
350 483 483 521 yeneralc'
509 482 666 515 intellectu,
687 481 792 510 claudit
812 480 983 509 intellectum
1006 479 1129 516 proprie-

282 531 363 565 tatis3
385 533 411 559 et
433 530 498 567 quia
520 530 547 558 in
562 528 664 557 divinis
685 527 842 565 proprietas
863 530 905 556 est
925 526 1041 561 relatio,
1067 526 1129 554 ideo

1155 419 1159 558 l

964 213 1216 243 SENTENTIARUM
1237 213 1297 241 LlB.
1320 213 1337 241 I.

1183 291 1217 320 de
1239 291 1360 328 generali
1372 291 1380 305 ²
1397 290 1538 319 intellectu
1559 290 1664 319 claudit
1678 290 1849 319 relationem.
1866 290 1942 319 Unde
1957 290 2029 319 sicut
2042 282 2050 287 ⁰

1183 338 1253 367 llaec
1271 346 1399 375 persona
1418 337 1445 366 iu
1467 337 1587 372 divinis,
1609 345 1680 374 quae
1694 340 1736 366 est
1751 337 1847 372 Pater,
1869 345 1923 366 non
1938 340 2029 374 potest

1184 385 1308 414 abstrahi
1326 393 1342 413 a
1362 385 1546 422 paternitate,
1568 392 1640 421 quae
1665 386 1706 413 est
1734 384 1831 413 relatio
1856 384 2029 421 personalis,

1184 433 1261 462 salva
1282 440 1330 461 sua
1354 431 1565 469 personalitate;
1586 432 1625 461 sic
1647 439 1696 461 nee
1714 440 1842 469 persona
1856 440 1872 460 a
1888 431 2029 461 relationis

1185 479 1326 508 intellectu
1342 479 1369 507 in
1391 478 1513 515 generali
1523 478 1540 506 ³.
1564 478 1594 506 Et
1616 478 1654 507 sic
1669 481 1759 515 patet,
1777 478 1853 515 quod
1871 486 1926 506 non
1941 478 2030 515 sequi-

1185 528 1241 560 tur,
1262 525 1337 563 quod
1359 526 1469 554 dicatur
1490 525 1645 554 secundum
1667 525 1850 553 substantiam
1873 527 1990 553 tantum.

1024 638 1286 674 SOHOLION.

346 757 360 779 l.
378 757 464 784 Supra,
483 755 505 777 d.
523 755 559 777 23.
578 761 598 777 a.
620 755 637 776 1.
655 760 676 782 q.
699 754 716 782 l,
734 754 779 775 iam
792 752 899 775 nonnulla
912 752 941 774 de
952 752 1091 779 etymologia
1108 753 1130 773 et

283 796 448 824 significatione
462 795 551 817 termini
562 800 666 824 personav
678 793 737 815 dicta
749 795 808 815 sunt.
821 792 861 814 llic
873 792 984 820 speciales
1001 791 1029 813 de
1047 791 1128 813 eadem

284 842 309 858 re
327 835 472 864 quaestiones
489 834 617 861 solvuntur,
635 835 657 855 et
674 838 718 854 non
737 838 809 860 pauca
835 830 865 853 de
882 832 931 858 ipsa
949 831 1036 853 ratione.
1051 835 1130 859 perso-

285 880 328 897 nae
353 876 477 902 ponuntur.
502 873 549 895 Non
576 872 655 894 inutile
676 877 726 893 esse
751 874 872 899 putamus,
890 871 917 892 iis
934 876 994 898 quae
1011 875 1081 897 supra
1106 869 1129 890 in

284 914 374 936 schotto
391 913 420 935 ad
438 913 459 935 d.
478 912 514 934 23.
535 918 555 934 a.
577 912 594 933 l.
612 918 634 940 q.
653 911 674 933 3.
692 910 721 932 de
746 912 858 937 conceptu
876 909 944 931 huius
962 908 1051 930 termini
1070 907 1128 930 dicta

284 957 347 982 sunt,
365 953 421 975 haec
438 951 530 974 addere.

351 993 368 1014 t.
386 992 408 1013 ln
434 997 538 1019 respons.
566 990 664 1017 legitur,
694 988 774 1017 «quod
789 992 893 1017 persona
915 986 997 1009 dicitur
1014 986 1130 1008 rationalis

284 1034 378 1053 naturae
405 1030 551 1058 suppositum
579 1029 718 1056 proprietate
747 1027 909 1049 distinctum».
934 1025 995 1047 Haec
1017 1024 1129 1052 definitio,

284 1070 376 1097 saepius
393 1075 405 1090 a
430 1068 554 1095 Sei-aphico
579 1067 689 1095 repetita,
707 1069 781 1088 sumta
800 1068 834 1088 est
850 1071 877 1087 ex
899 1065 961 1087 Alex.
987 1064 1050 1091 I{al.,
1067 1064 1089 1085 S.
1107 1069 1129 1091 p.

284 1108 298 1130 l.
317 1115 338 1137 q.
357 1108 393 1130 56.
411 1114 441 1129 m.
460 1107 480 1129 3.
499 1107 530 1129 De
548 1106 640 1134 Angelis
656 1106 678 1127 S.
696 1105 792 1133 Bonav.,
807 1105 828 1126 ll.
842 1105 902 1126 Sent.
919 1104 940 1126 d.
959 1103 979 1125 3.
997 1109 1020 1131 p.
1038 1103 1052 1124 l.
1071 1109 1090 1124 a.
1109 1103 1130 1124 2.

285 1154 307 1176 q.
326 1148 346 1169 2.
364 1146 429 1169 dicit:
447 1145 650 1174 Quemadmodum
667 1143 819 1167 individualis
837 1143 942 1165 discretio
964 1144 998 1164 est
1014 1141 1130 1164 existentia

285 1186 372 1208 formae
389 1185 498 1207 naturalis
522 1185 544 1206 in
570 1184 676 1211 materia,
702 1184 734 1205 sic
757 1181 889 1212 personalis
914 1181 1021 1203 diseretio
1038 1184 1072 1203 est
1088 1181 1131 1202 exi-

284 1225 364 1247 stentia
382 1226 476 1246 naturae
493 1223 576 1245 nobilis
593 1226 614 1244 et
630 1222 822 1249 supereminentis
834 1221 854 1242 in
872 1220 992 1248 supposito
1003 1227 1023 1247 »;
1041 1221 1064 1241 et
1075 1219 1129 1241 ibid.

285 1270 306 1292 q.
326 1263 352 1285 3:
373 1261 550 1285 «lndiriduatto
579 1262 649 1289 igitur
674 1261 695 1282 in
721 1263 824 1282 creatura
851 1259 970 1287 consurgit
995 1265 1021 1280 ex
1045 1258 1129 1285 duplici

284 1303 407 1330 print-ipim
432 1300 564 1330 personalis
589 1302 665 1322 autem
688 1299 795 1321 discretio
824 1298 877 1320 dicit
901 1296 1092 1327 sinqulnritatem.
1110 1299 1132 1318 et

284 1340 429 1371 difflzilatem.
448 1340 469 1362 ln
488 1342 599 1368 quantum
618 1339 672 1361 dicit
682 1337 890 1368 sinqularitale'm,
905 1338 948 1359 hoc
966 1336 1021 1359 dicit
1037 1342 1064 1358 ex
1082 1336 1130 1364 ipsa

285 1380 444 1402 coniunctione
461 1379 642 1407 principiorum,
660 1384 686 1399 ex
704 1376 790 1405 quibus
802 1376 896 1398 resultat
912 1376 988 1404 ipsum
1006 1374 1070 1404 quod
1086 1377 1130 1401 est;

285 1418 413 1441 secundum
425 1417 562 1447 diquitutem
574 1416 628 1438 dicit
639 1416 793 1444 principaliter
805 1415 916 1437 rationem
928 1415 1015 1436 formae
1025 1421 1046 1435 n.
1058 1413 1131 1435 Atten-

288 1457 391 1479 dendum
403 1457 471 1479 etiam
483 1459 523 1484 est,
537 1455 599 1484 quod
612 1456 672 1477 iuxta
685 1454 836 1482 Seraphicum
850 1453 989 1475 substantiae
1004 1451 1132 1480 spirituales

285 1497 387 1518 altiorem
406 1495 505 1523 gradum
523 1495 544 1516 in
557 1500 641 1522 genere
659 1493 798 1516 substantiae
816 1495 838 1515 et
854 1492 1013 1514 subsistentiae
1031 1491 1133 1513 obtinent

285 1541 355 1564 quam
373 1534 511 1562 corporales.
528 1533 584 1555 Nam
602 1533 624 1555 ll.
643 1533 703 1555 Sent.
721 1532 743 1555 d.
762 1532 782 1554 3.
801 1538 822 1560 p.
842 1532 855 1554 l.
873 1538 893 1553 a.
914 1532 932 1553 l.
951 1538 973 1560 q.
986 1531 1009 1553 2.
1027 1531 1049 1552 in
1067 1536 1130 1557 corp.

285 1575 325 1596 ait:
347 1574 393 1596 «Et
409 1574 519 1602 quoniam
536 1572 600 1601 quod
625 1578 682 1600 pure
709 1575 743 1594 est
767 1572 789 1593 in
815 1577 899 1598 genere
922 1570 1063 1592 substantiae
1080 1569 1132 1597 plus

286 1614 406 1641 participat
423 1613 451 1635 de
469 1615 548 1634 natura
561 1618 602 1640 per
619 1618 643 1633 se
655 1612 735 1633 stantis
752 1614 774 1633 et
785 1610 967 1638 independentis‚
981 1609 1044 1638 quod
1055 1611 1132 1631 autem

286 1653 338 1680 plus
350 1651 437 1674 accedit
448 1651 478 1673 ad
490 1653 594 1673 naturam
612 1650 764 1672 accidentium
782 1649 856 1677 magis
868 1649 1001 1676 elongatur:
1019 1648 1071 1669 hinc
1088 1649 1132 1674 est,

286 1691 350 1719 quod
368 1690 507 1713 substantiae
524 1690 653 1718 spirituales
678 1695 719 1717 per
736 1689 800 1716 prius
818 1691 839 1710 et
856 1688 934 1709 verius
955 1688 1009 1709 sunt
1030 1686 1133 1709 substan-

286 1731 345 1758 tiae,
370 1729 452 1752 deinde
474 1734 570 1757 corpora
596 1728 724 1756 superiora,
742 1731 859 1755 postremo
880 1732 977 1754 corpora
995 1725 1132 1748 interiora».

287 1768 332 1791 Csr.
352 1769 383 1790 Ill.
410 1769 470 1790 Sent.
488 1768 510 1790 d.
533 1768 550 1789 1.
568 1774 587 1789 a.
610 1768 627 1795 l,
645 1770 667 1789 et
683 1766 738 1789 ibid.
756 1766 778 1788 d.
797 1766 818 1788 5.
836 1766 933 1794 passim,
951 1765 991 1787 sed
1009 1765 1133 1792 praecipue

288 1815 307 1830 a.
327 1809 347 1830 2.
366 1814 387 1836 q.
406 1808 426 1830 2.
444 1807 473 1829 ad
494 1807 500 1828 1
507 1825 512 1835 ,
530 1806 569 1829 ubi
587 1806 608 1828 S.
626 1806 716 1833 Doctor⁷
734 1807 804 1828 totam
822 1811 888 1827 suam
906 1804 935 1827 de
952 1805 994 1826 hac
1012 1810 1036 1826 re
1054 1804 1133 1826 doctri-

287 1852 340 1868 nam
357 1847 379 1868 in
397 1847 512 1874 epitomen
538 1846 653 1873 colligens,
672 1844 732 1872 dicit,
750 1843 814 1873 quod
833 1852 843 1863 α
856 1842 1006 1866 individuum
1023 1843 1045 1864 in
1063 1842 1133 1864 notifi-

287 1886 375 1907 catione
392 1891 504 1913 personae
521 1884 638 1912 tripliciter
655 1884 763 1911 importat
779 1883 954 1910 distinctionem,
966 1882 1072 1904 videlicet
1089 1880 1134 1904 sin-

287 1923 437 1954 quise-itata,
451 1921 724 1946 azcommunicabilitatz's
736 1924 758 1944 et
769 1920 963 1951 supernatamus
980 1920 1100 1950 dlqnitatis
1111 1928 1134 1949 »s

287 1969 347 1991 quae
364 1962 468 1985 membra
487 1962 607 1984 divisionis
625 1961 707 1983 deinde
725 1961 852 1983 accuratius
869 1961 1017 1988 explicantur.

350 2002 371 2024 2,
389 2002 456 2024 Fides
473 2001 599 2024 orthodoxa
617 2000 645 2023 de
663 2000 772 2022 Trinitate
789 2002 811 2022 ct
827 2000 982 2022 lncarnatione
1000 1999 1082 2027 docet,
1102 2000 1134 2021 t'a-

286 2040 392 2063 ciendam
410 2047 460 2062 esse
472 2040 573 2069 aliquam
586 2039 753 2062 distinctionem
764 2041 812 2061 tum
826 2039 847 2060 in
861 2039 914 2065 Deo,
929 2042 977 2060 tum
990 2039 1011 2059 In
1025 2039 1134 2060 creaturis

288 2079 477 2103 intellectualibus
489 2081 546 2102 inter
556 2084 683 2109 personam
699 2081 721 2101 et
737 2079 859 2101 mattarum.
872 2077 997 2106 Loquendo
1016 2077 1044 2099 de.
1058 2083 1134 2105 perso-

290 2120 324 2141 nis
341 2120 429 2147 creatis,
442 2119 490 2141 talis
502 2124 552 2141 esse
569 2117 638 2140 debet
650 2118 705 2140 haec
717 2117 837 2145 distinctio,
855 2116 918 2145 quod
935 2117 957 2138 in
969 2115 1058 2139 Christo
1075 2121 1134 2139 com-

289 2157 351 2187 pleta
362 2164 412 2180 esse
424 2159 496 2186 possit
507 2157 629 2185 singularis
641 2160 720 2179 natura
732 2157 839 2184 humana,
853 2156 908 2184 quin
920 2155 1003 2178 haheat
1011 2161 1134 2183 personam

290 2196 436 2225 ltumanam3
462 2203 489 2219 ex
514 2202 561 2225 quo
587 2198 662 2224 patet,
681 2195 867 2224 personalitatem
893 2195 942 2217 sive
963 2194 1133 2217 subsistentiam

290 2242 335 2258 non
357 2237 470 2263 pertinere
493 2235 522 2257 ad
547 2235 704 2263 praedicatum
730 2235 902 2257 constitutivum
923 2234 1033 2256 naturae.
1051 2234 1073 2255 ln
1091 2234 1135 2256 hoc

291 2275 358 2296 etiam
379 2280 459 2296 omnes
484 2274 590 2296 doctores
615 2274 769 2301 conveniunt,
795 2274 870 2302 ipsam
891 2273 1017 2301 importare
1034 2272 1133 2300 aliquem

291 2313 397 2335 ultimum
415 2315 502 2340 actum,
520 2312 670 2334 substantiam
688 2311 843 2340 perficientem
854 2311 891 2333 vel
903 2312 1075 2339 terminantem,
1088 2317 1134 2339 quo

291 2353 340 2380 ipsa
365 2351 469 2374 redditur
494 2352 587 2373 omnino
612 2350 841 2373 incommunicabilis.
859 2350 919 2378 Quid
940 2352 1015 2371 autem
1032 2350 1135 2377 praecise

291 2391 319 2413 sit
335 2390 402 2418 illud,
428 2390 490 2419 quod
516 2395 619 2419 persona
643 2389 713 2411 addat
730 2395 800 2417 super
818 2391 936 2417 naturam,
953 2391 1031 2410 utrum
1048 2387 1135 2416 aliquid

292 2429 362 2457 reale,
382 2435 410 2451 an
423 2434 463 2451 ens
476 2427 591 2457 rationis,·
609 2430 686 2450 utrum
703 2433 755 2455 res,
770 2434 798 2449 an
810 2427 910 2455 moclus;
927 2430 1006 2449 utrum
1023 2427 1079 2455 quid
1092 2432 1136 2456 po-

291 2467 399 2496 sitivum,
419 2473 447 2489 an
463 2466 613 2496 negativum,
640 2467 696 2488 haec
722 2466 824 2495 quaestio
842 2468 864 2488 et
886 2465 991 2488 doctores
1008 2468 1030 2487 et
1046 2466 1136 2488 scholas

292 2512 434 2535 magnopere
451 2506 533 2528 divisit.
550 2506 615 2528 Duae
632 2506 751 2534 opiniones
763 2508 878 2528 extremae
890 2505 1042 2527 communiter
1059 2510 1136 2532 repro-

292 2546 388 2573 bantur,
406 2545 491 2567 scilicet
507 2548 529 2567 et
545 2545 635 2573 opiniO,
654 2551 713 2573 quae
731 2544 838 2567 tribuitur
859 2543 982 2571 Durando,
1001 2543 1065 2572 quod
1081 2543 1136 2565 illud

293 2584 398 2607 additum
416 2584 469 2606 nihil
487 2584 515 2606 sit
532 2584 574 2605 nisi
591 2589 632 2606 ens
648 2583 761 2611 rationis,
781 2586 802 2606 et
819 2583 924 2611 opposita
941 2581 1039 2604 Caietani
1050 2600 1055 2610 ,
1073 2582 1137 2611 quod

294 2626 369 2652 ipsum
388 2626 482 2646 naturae
498 2623 568 2645 addat
584 2624 699 2646 entitatem
717 2622 852 2650 absolutam,
870 2622 960 2644 realiter
977 2627 989 2643 a
1007 2624 1086 2643 natura
1103 2621 1137 2643 di-

294 2664 405 2686 stinctam.
431 2663 512 2685 Scotus
535 2661 655 2691 probabile
679 2667 730 2684 esse
759 2664 839 2689 putat,
874 2661 985 2683 rationem
1017 2660 1136 2682 formalem

1186 756 1299 778 personae
1317 751 1441 773 consistere
1465 749 1490 772 in
1514 749 1646 779 privatione
1671 750 1768 778 duplicis
1786 750 2030 778 communicabilitatis,

1187 790 1271 812 scilicet
1288 791 1312 812 ut
1329 788 1392 819 quod
1408 790 1442 812 est
1458 791 1480 811 et
1497 792 1522 812 ut
1538 795 1584 819 quo
1601 790 1636 812 est
1653 789 1701 818 (cfr.
1719 790 1756 811 hic
1773 790 1794 811 in
1812 792 1894 818 quaest
1919 793 2030 818 sequente

1187 829 1216 851 ad
1234 829 1272 858 3.)‚
1291 835 1350 858 quac
1367 832 1443 851 tamen
1461 831 1568 851 connotat
1584 828 1709 851 realitatcm
1726 829 1856 857 positivam,
1874 834 1944 856 super
1961 834 2031 857 quam

1186 869 1241 891 istae
1259 869 1391 896 negationes
1416 867 1548 890 fundantur.
1566 867 1659 889 Scotum
1681 870 1758 889 autem
1774 868 1842 889 etiam
1860 867 1928 889 aliam
1945 869 2031 890 senten-

1186 908 1240 929 tiam
1265 906 1410 934 probabilem
1436 906 1567 934 aestimare,
1594 907 1655 933 patet
1676 911 1703 927 ex
1720 905 1793 933 ipsius
1814 905 1892 928 verbis
1910 905 1950 934 (ΙΙΙ.
1969 905 2030 928 Sent.

1187 945 1209 968 d.
1223 946 1242 967 l.
1256 952 1277 974 q.
1297 945 1327 973 l.)
1339 948 1361 968 et
1378 946 1512 967 testimoniis
1524 945 1625 973 plurium
1637 945 1793 973 Scotistarum,
1811 946 1836 967 ut
1852 945 1955 973 Lycheti,
1968 944 2030 967 Rada

1187 984 1299 1013 (controv.
1318 985 1354 1006 22.
1372 990 1392 1006 a.
1410 984 1441 1013 2.)
1452 1002 1457 1012 ,
1475 984 1558 1006 Mastrii
1579 986 1601 1006 et
1618 984 1722 1006 aliorum.
1739 983 1890 1006 Communior
1906 984 2031 1010 sententia,

1187 1024 1223 1045 cui
1241 1024 1318 1046 favent
1334 1023 1356 1045 S.
1374 1023 1534 1046 Bonaventura
1551 1026 1573 1045 et
1599 1023 1620 1045 S.
1647 1023 1761 1051 Thomas,
1788 1023 1882 1051 asserit,
1908 1029 2031 1051 personam

1187 1062 1272 1084 addere
1289 1068 1360 1090 super
1376 1062 1491 1084 naturam
1503 1061 1589 1090 aliquid
1601 1062 1725 1090 positivum
1736 1080 1741 1090 ,
1760 1062 1823 1091 quod
1835 1068 1847 1084 a
1860 1064 1939 1084 natura
1957 1061 2033 1084 (listin-

1187 1102 1266 1129 guitur
1283 1107 1327 1123 non
1345 1103 1370 1123 ut
1386 1107 1423 1123 res
1440 1107 1452 1123 a
1469 1107 1506 1129 re,
1525 1101 1566 1123 sed
1583 1104 1608 1123 ut
1624 1100 1709 1123 modus
1728 1100 1883 1123 substantiatis
1896 1099 1999 1129 (Bonav.,
2018 1101 2032 1123 l.

1187 1140 1248 1162 Scnt.
1266 1140 1288 1162 d.
1307 1139 1343 1162 34.
1361 1146 1383 1168 q.
1402 1140 1423 1162 l.
1447 1140 1468 1161 in
1486 1146 1549 1168 corp.
1577 1141 1636 1162 circa
1661 1139 1747 1168 finem).
1766 1140 1787 1162 S.
1806 1140 1890 1162 Bonav.
1909 1140 1955 1167 (hic
1972 1146 1991 1162 a.
2011 1140 2031 1161 2.

1188 1186 1209 1208 q.
1232 1179 1249 1201 1.
1267 1179 1288 1200 in
1307 1178 1379 1207 corp.)
1402 1181 1509 1206 respectu
1526 1179 1640 1206 opinionis
1657 1185 1669 1201 a
1687 1179 1753 1201 Scoto
1771 1178 1912 1207 approbatae
1929 1178 2032 1206 explicite

1188 1217 1252 1240 dicit:
1274 1218 1351 1246 «Quia
1369 1218 1467 1245 privatio
1484 1217 1520 1239 illa
1546 1218 1567 1239 in
1586 1224 1683 1245 persona
1701 1218 1776 1245 magis
1796 1220 1830 1240 est
1854 1218 1936 1245 positio
1961 1223 2032 1246 quam

1188 1257 1306 1284 privatio»
1336 1256 1385 1284 (csr.
1411 1255 1466 1278 ibid.
1484 1262 1505 1284 q.
1524 1257 1545 1278 2.
1563 1256 1598 1278 ad.
1618 1256 1646 1284 3,
1664 1263 1683 1278 a.
1703 1256 1723 1278 l.
1741 1262 1762 1284 q.
1781 1257 1807 1284 2;
1825 1256 1857 1278 lll.
1875 1257 1935 1279 Sent.
1953 1256 1975 1278 d.
1998 1256 2031 1278 10.

1188 1301 1207 1317 a.
1231 1295 1247 1317 l.
1265 1302 1287 1324 q.
1305 1296 1331 1323 23
1349 1297 1371 1317 et
1388 1294 1416 1317 de
1442 1301 1540 1323 persona
1558 1295 1580 1316 in
1603 1295 1650 1317 Deo
1668 1295 1681 1317 l.
1700 1295 1760 1317 Sent.
1779 1294 1800 1317 d.
1820 1294 1855 1316 34.
1874 1301 1893 1317 a.
1916 1295 1933 1316 1.
1951 1301 1974 1323 q.
1993 1295 2032 1323 1.).

1188 1334 1313 1363 Utramque
1331 1334 1465 1356 sententiam
1483 1334 1586 1362 longiore
1603 1333 1709 1356 discursu
1726 1334 1748 1355 in
1766 1333 1913 1356 concordiam
1927 1333 2033 1362 redigere

1188 1375 1283 1395 conatur
1299 1373 1405 1395 Hauzeur
1423 1372 1525 1401 (Collatio
1542 1375 1596 1395 tom.
1614 1372 1637 1394 ll.
1656 1373 1698 1395 col.
1716 1372 1833 1401 267-277).

1251 1412 1273 1433 ll.
1292 1412 1365 1434 Prima
1383 1412 1452 1434 huius
1469 1411 1617 1434 distinctionis
1634 1412 1737 1440 quaestio
1755 1411 1812 1433 duas
1829 1414 1905 1439 partes
1922 1411 1997 1434 habet.
2010 1411 2032 1433 ln

1185 1450 1268 1480 prima
1284 1454 1348 1478 parte
1366 1450 1493 1479 problema,
1511 1451 1533 1472 in
1550 1450 1614 1472 titulo
1631 1451 1772 1479 quaestionis
1788 1450 1926 1478 indicatum,
1944 1451 2033 1472 reiectis

1190 1489 1281 1512 duabus
1293 1490 1353 1511 salsis
1365 1489 1529 1516 solutionibus,
1543 1489 1666 1511 resolvitur
1677 1490 1699 1511 in
1716 1495 1743 1511 eo
1761 1495 1837 1518 sensu,
1855 1489 1919 1518 quod
1936 1495 2032 1517 persona

1190 1531 1314 1557 utrumque
1331 1529 1439 1556 importat
1456 1529 1469 1550 i.
1488 1534 1507 1550 e.
1525 1527 1674 1557 suppositum
1691 1528 1749 1556 (sive
1761 1528 1912 1551 substantiam
1924 1528 2034 1557 primam>

1189 1569 1211 1589 et
1226 1566 1371 1590 relationem.
1390 1567 1435 1589 Sed
1452 1567 1508 1596 quid
1520 1567 1687 1595 principalius?
1704 1567 1837 1595 Respondet
1848 1568 1870 1590 S.
1883 1568 1967 1590 Bonav.
1980 1574 2033 1591 cum

1189 1606 1271 1628 eadem
1289 1606 1443 1635 distinctione,
1470 1613 1515 1635 qua
1537 1607 1607 1628 utitur
1625 1607 1646 1628 S.
1665 1607 1748 1629 Tuom.
1767 1607 1799 1635 (S.
1817 1607 1831 1629 l.
1849 1614 1870 1636 q.
1889 1608 1925 1630 29.
1943 1614 1962 1630 a.
1987 1607 2031 1637 4.),

1190 1646 1274 1668 scilicet
1299 1645 1362 1674 quod
1385 1651 1482 1673 persona
1508 1648 1601 1673 accepta
1626 1646 1648 1667 in
1665 1645 1773 1675 qeneralt'
1787 1648 1809 1668 et
1826 1646 1902 1674 primo
1919 1646 2033 1670 intellectu

1190 1685 1258 1706 huius
1275 1685 1374 1706 nominis
1391 1684 1422 1711 (S.
1441 1684 1558 1706 Thomas:
1579 1692 1589 1704 α
1602 1685 1623 1706 iu
1647 1685 1797 1713 communi»)
1815 1685 1963 1713 principalius
1981 1685 2035 1708 dicit

1189 1723 1352 1751 substantiam,
1370 1723 1393 1744 in
1410 1722 1506 1752 speciali
1522 1729 1578 1745 vero
1587 1741 1592 1751 ,
1605 1726 1630 1746 ut
1640 1722 1697 1746 ltaec
1709 1729 1808 1752 persona
1820 1723 1909 1753 divina,
1922 1724 2035 1752 significat

1189 1763 1329 1785 relationem.

1253 1802 1275 1823 ln
1292 1800 1396 1825 secunda
1408 1803 1471 1829 parte
1488 1801 1585 1823 solvitur
1601 1800 1712 1829 obiectio,
1730 1801 1793 1830 quod
1805 1801 1868 1824 modi
1885 1802 2035 1830 praedicandi

1190 1841 1319 1864 secundum
1343 1840 1495 1863 substantiam
1512 1843 1534 1862 et
1558 1841 1691 1863 relationem
1708 1841 1736 1863 ita
1754 1841 1798 1863 sint
1814 1842 1926 1870 oppositi,
1948 1843 1973 1864 ut
1989 1847 2034 1864 non

1190 1881 1234 1903 sint
1251 1879 1425 1908 compossibiles
1451 1880 1473 1901 in
1498 1879 1580 1902 eodem
1606 1879 1716 1902 subiecto.
1739 1880 1867 1908 Responsio
1891 1881 1979 1903 eruitur
2007 1887 2034 1903 ex

1191 1919 1333 1942 distinctione
1351 1919 1489 1941 Aristotelica
1502 1919 1560 1941 inter
1571 1918 1722 1941 substantiam
1730 1919 1838 1949 primam
1855 1919 1879 1949 (α
1887 1921 2035 1948 suppositum

1191 1958 1311 1987 certum»)
1329 1961 1351 1981 et
1367 1958 1497 1981 secundam
1514 1957 1663 1987 (essentiam).
1686 1970 1717 1975 -—
1739 1958 1770 1980 Ex
1792 1958 1870 1981 verbis
1886 1958 1909 1981 S.
1932 1958 2036 1982 Doctoris

1190 1999 1285 2020 minime
1297 1999 1401 2026 sequitur
1413 1997 1486 2026 (quod
1503 1998 1604 2020 nonnulli
1617 1998 1637 2020 ei
1650 1998 1773 2020 volucrunt
1789 1997 1940 2027 impingere),
1958 2004 2036 2027 perso-

1191 2043 1231 2059 nas
1249 2037 1338 2059 dirinas
1355 2037 1460 2059 constitui
1486 2043 1527 2065 per
1552 2036 1668 2059 absolutas
1685 2037 1803 2059 realitates.
1821 2036 1955 2059 Constanter
1972 2038 2033 2060 enim

1191 2077 1257 2099 docet
1274 2077 1419 2105 seraphicus,
1438 2076 1501 2105 quod
1518 2077 1540 2098 in
1558 2076 1670 2099 intellectu
1696 2077 1809 2104 suppositi
1833 2076 1904 2098 divini
1922 2076 2036 2099 clauditur

1190 2116 1316 2139 intellectus
1332 2117 1489 2144 proprietatis,
1510 2122 1570 2145 quae
1589 2116 1611 2138 in
1630 2115 1713 2138 divinis
1730 2118 1765 2138 est
1781 2115 1871 2139 relatio.
1888 2116 1980 2138 Etiamsi
1997 2116 2037 2145 igi-

1191 2158 1228 2178 tur
1244 2161 1342 2183 persona
1356 2155 1415 2177 dicat
1431 2154 1589 2178 substantiam
1606 2155 1706 2182 primam
1723 2155 1745 2176 in
1757 2157 1826 2183 recto,
1838 2157 1914 2177 tamen
1931 2157 2038 2177 connotat

1191 2192 1330 2216 relationem
1348 2193 1397 2221 (cfr.
1415 2194 1481 2216 solut.
1499 2193 1529 2215 ad
1551 2194 1567 2215 Ι.
1580 2195 1602 2215 et
1618 2193 1675 2222 ult.).
1687 2193 1858 2216 —Notandum
1877 2195 1961 2220 autem,
1973 2193 2037 2222 quod

1191 2233 1249 2254 sicut
1265 2231 1399 2254 substantia
1415 2232 1436 2254 in
1455 2232 1540 2260 duplici
1565 2238 1634 2254 sensu
1659 2233 1782 2260 accipitur,
1801 2233 1834 2254 sic
1851 2233 1919 2254 ettam
1936 2231 2035 2255 relatio:

1191 2271 1227 2293 vel
1245 2271 1313 2299 enim,
1331 2273 1445 2299 quatenus
1462 2273 1496 2293 est
1512 2271 1590 2293 relatio
1608 2271 1663 2294 actu
1680 2270 1792 2300 referens,
1811 2271 1848 2293 vel
1865 2273 1890 2293 ut
1906 2273 1940 2293 est
1957 2271 2037 2294 relatio

1191 2308 1331 2337 subsistens,
1352 2310 1402 2331 sive
1418 2316 1460 2337 per
1477 2309 1574 2332 modum
1592 2310 1722 2337 hypostasis
1740 2309 1770 2337 (S.
1784 2309 1878 2338 Thom.,
1891 2309 1913 2331 S.
1926 2310 1940 2332 l.
1959 2316 1980 2338 q.
1999 2311 2035 2333 29.

1192 2354 1211 2370 a.
1230 2347 1268 2377 4.).
1286 2348 1309 2370 Si
1326 2349 1437 2376 accipitur
1459 2349 1536 2376 primo
1562 2348 1647 2376 modo,
1673 2348 1752 2370 relatio
1777 2349 1798 2370 in
1817 2349 1904 2371 ratione
1924 2354 2037 2376 personae

1191 2387 1311 2409 manifeste
1336 2388 1472 2415 importatur
1497 2389 1584 2409 tantum
1606 2388 1627 2408 in
1654 2386 1747 2417 obliquo
1757 2396 1767 2416 ‚·
1791 2388 1808 2409 si
1831 2390 1908 2410 autem
1925 2389 2037 2416 accipitur

1191 2426 1294 2448 secundo
1311 2426 1389 2454 modo,
1407 2429 1467 2448 recte
1484 2425 1567 2448 dicitur
1584 2432 1638 2448 cum
1655 2426 1677 2448 S.
1696 2426 1786 2448 Thoma
1805 2425 1887 2455 (ibid),
1906 2426 1969 2456 quod
1987 2433 2036 2455 per-

1192 2471 1247 2487 sona
1265 2465 1286 2486 in
1305 2464 1352 2487 Deo
1369 2464 1481 2493 significat
1498 2465 1631 2487 relationem
1648 2464 1674 2488 in
1689 2466 1753 2488 recto
1770 2468 1792 2488 et
1803 2466 1925 2488 essentiam
1942 2465 1966 2488 in
1983 2464 2037 2488 obli-

1192 2509 1246 2533 quo.
1267 2503 1315 2525 Hac
1332 2504 1450 2531 supposita
1467 2503 1623 2532 distinctione,
1641 2504 1767 2532 explicatur
1784 2504 1890 2526 diversus
1907 2504 1991 2527 modus
2009 2504 2038 2527 de

1193 2543 1235 2565 hae
1258 2548 1283 2565 re
1308 2542 1416 2571 loquendi
1442 2542 1505 2570 apud
1530 2543 1606 2570 ipsum
1632 2543 1654 2564 S.
1675 2543 1788 2565 Thomam
1814 2543 1856 2570 (De
1873 2545 1957 2571 potent.
1975 2550 1997 2572 q.
2015 2544 2037 2566 9.

1193 2588 1213 2604 a.
1231 2581 1262 2609 4.)
1280 2583 1302 2603 et
1319 2581 1340 2603 S.
1358 2581 1550 2604 Bonaventuram.

1256 2620 1341 2642 Obiect.
1367 2620 1389 2642 7.
1414 2620 1497 2642 eodem
1519 2620 1589 2643 modo
1614 2621 1711 2643 solvitur
1732 2627 1745 2643 a
1770 2621 1792 2643 S.

1194 2660 1303 2682 Summae
1320 2659 1350 2681 ad
1368 2660 1406 2688 2.).

1816 2621 1905 2643 Thoma
1923 2621 1973 2650 (loc.
2001 2622 2037 2644 cit.

359 2868 366 2882 1
384 2868 439 2890 Dist.
453 2869 489 2890 27.
502 2874 524 2896 p.
537 2868 551 2890 Ι.
564 2874 586 2896 q.
600 2868 619 2889 3.
629 2867 737 2890 -Paulo
749 2869 800 2889 ante
812 2867 874 2895 Vat.,
887 2868 967 2895 paucis
979 2867 1046 2890 codd.
1058 2867 1139 2890 suffra-

297 2907 417 2935 gantibus,
430 2907 493 2937 quod
504 2913 552 2930 non
562 2908 624 2930 recle
633 2906 747 2936 procedat
756 2913 798 2934 pro
810 2905 867 2936 quia
877 2912 926 2929 non
937 2907 998 2930 recte
1008 2905 1119 2936 procedit.

359 2946 368 2960 2
380 2946 430 2968 Vat.
442 2945 544 2975 speciali,
558 2945 727 2973 refragantibus
739 2945 806 2968 codd.
820 2951 861 2968 nec
873 2951 918 2967 non
931 2951 970 2968 sex
982 2946 1063 2974 primis
1077 2945 1138 2973 edd„

298 2987 391 3013 insuper
408 2988 429 3007 et
446 2988 589 3013 repugnante
606 2987 719 3007 contextu.

1258 2865 1268 2880 ³
1284 2864 1355 2888 Codd.
1374 2867 1396 2887 et
1412 2864 1465 2887 edd.
1482 2864 1584 2894 speciali.
1602 2864 1648 2887 Sed
1668 2871 1695 2887 ex
1720 2867 1825 2887 contextu
1850 2866 1872 2887 et
1896 2864 1998 2887 doctrina
2015 2864 2037 2886 in

1195 2911 1298 2933 respons.
1316 2904 1425 2933 explicata
1442 2904 1518 2926 visum
1536 2908 1569 2926 est
1587 2903 1653 2926 nobis
1669 2906 1783 2932 constare,
1801 2903 1935 2932 ponendum
1952 2909 2002 2925 esse
2013 2902 2039 2926 in

1194 2942 1306 2974 yenerali.
