2215 3404
173 477 243 504 Solutio
256 482 289 501 op-

162 503 272 524 pomorum.

204 1976 295 1994 Obiectio.

298 207 353 235 486

299 284 467 322 sempiterna
482 286 546 312 sunt
560 283 567 296 ¹
590 291 783 320 quaecumque
798 282 865 311 facis
879 293 906 310 ».
928 282 969 310 Ex
986 282 1039 310 hac
1053 284 1145 310 aucto

299 332 379 360 ritate
400 334 475 368 patet
496 330 599 359 veritas
619 330 823 367 responsionis,
843 329 918 366 quod
940 328 1062 358 Verbum
1079 328 1144 356 dicit

300 378 476 407 habitualem.
497 379 662 414 respectum.

382 427 405 453 1.
427 425 466 453 Ad
488 424 556 452 illud
573 424 648 461 quod
669 423 798 452 obiicitur
813 423 840 451 in
862 422 1048 456 contrarium,
1069 421 1143 458 quod

301 472 411 500 nullum
442 474 587 500 aeternum
619 473 747 499 connotat
779 469 947 506 temporale3
978 468 1144 502 dicendum,

301 518 376 555 quod
397 525 496 546 verum
517 520 559 545 est
579 517 607 545 in
627 519 707 550 actu3
729 516 804 545 unde
826 516 950 545 Verbum
975 514 1088 552 proprie
1110 514 1146 541 lo-

302 565 413 602 quendo
433 573 488 593 non
503 567 639 592 connotat
658 562 802 601 effectum,
822 563 870 591 sed
893 562 963 590 (licit
984 564 1143 598 respectum

300 620 355 640 non
383 612 419 640 ad
447 615 605 639 creaturam
634 610 688 638 iam
710 609 824 638 entem2
853 609 897 638 vel
924 609 1007 637 etiam
1036 610 1143 636 tantum

301 658 441 692 futuram,
464 665 561 686 verum
591 657 674 685 etiam
702 655 863 693 possibilem
884 655 955 683 fieri.
984 655 1014 683 Et
1035 654 1073 683 sio
1101 662 1146 691 pa-

301 708 340 734 tet
360 704 503 742 responsio
528 704 562 732 ad
588 703 762 737 instantiam,
787 710 871 739 quam
897 702 1011 730 adducit
1036 701 1063 729 in
1085 709 1146 729 con-

301 752 428 780 trarium.

381 799 406 826 2.
429 798 467 826 Ad
482 797 551 825 illud
566 797 641 834 quod
654 796 795 830 obiicitur,
811 795 885 833 quod
900 795 1047 832 productio
1063 793 1144 823 Verbi

303 848 344 873 est
364 844 520 873 necessaria
541 846 567 872 et
588 847 715 876 aeterna,
737 842 786 871 sed
808 845 952 870 creaturae
974 840 1146 873 voluntaria3

303 891 468 925 dicendum,
490 890 564 927 quod
586 890 714 927 quamvis
733 889 860 917 (tentalis
874 888 1021 925 productio
1042 890 1148 916 creatu-

303 946 350 966 rae
379 938 414 966 sit
441 937 612 971 voluntaria,
641 939 733 964 tamen
758 935 888 972 potentia
915 934 1088 971 producendi
1120 938 1147 962 et

303 984 424 1013 scicntia.
445 987 486 1012 est
508 983 670 1011 necessaria.
693 982 863 1018 Impossibile
885 981 958 1010 enim
980 984 1035 1015 est,
1057 981 1146 1009 Deum

304 1040 357 1060 non
376 1039 475 1068 posse,
496 1034 522 1059 et
538 1029 707 1067 impossibile
729 1031 782 1062 est,
804 1029 892 1057 Deum
913 1028 1024 1056 nescire
1042 1030 1147 1056 creatu-

304 1086 350 1106 ras
371 1077 535 1114 producere.

383 1124 408 1152 3.
430 1124 468 1152 Ad
491 1123 561 1151 illud
581 1123 656 1160 quod
677 1122 821 1151 obiicitur.
850 1121 925 1158 quod
947 1129 1001 1149 non
1026 1129 1148 1149 commu—

304 1171 396 1200 nicant
424 1171 449 1198 in
479 1170 587 1207 aliquo:
616 1169 785 1200 dicendum„
813 1168 888 1205 quod
916 1175 1015 1196 verum
1044 1170 1085 1196 est
1114 1167 1147 1195 de

305 1217 501 1247 communitate
516 1216 655 1245 essentiali
670 1220 697 1245 et
717 1215 934 1253 praedicatione;
956 1218 983 1243 et
998 1215 1050 1243 hoc
1065 1214 1148 1242 modo

305 1274 359 1293 non
381 1264 584 1293 communicant
600 1264 626 1292 in
642 1263 747 1297 Verbo,
769 1263 834 1299 quia
860 1263 983 1291 Verbum
999 1265 1040 1290 est
1061 1262 1147 1295 Deus,

305 1320 358 1340 non
381 1315 524 1344 creaturam
540 1310 720 1338 nihilominus
742 1313 833 1338 tamen
849 1309 1003 1338 secundum
1025 1308 1147 1345 aliquam

306 1359 440 1387 rationem
463 1361 579 1394 possunt
601 1357 703 1385 babere
726 1359 884 1393 respectum
912 1356 947 1384 ad
969 1356 1051 1384 idem.
1076 1355 1147 1383 Nihil

306 1406 379 1435 euim
412 1405 541 1441 impedit.
574 1404 648 1441 quod
681 1404 764 1431 unius
795 1407 821 1431 et
852 1402 977 1431 eiusdem
1009 1402 1083 1430 Dens
1115 1402 1149 1430 sit

307 1452 493 1489 principium,
522 1454 548 1479 et
576 1454 703 1479 creatura
726 1450 760 1478 sit
785 1450 918 1483 effectus3
939 1452 966 1477 et
987 1449 1025 1477 ita
1046 1451 1087 1477 est
1115 1448 1149 1477 de

307 1499 398 1527 Verbo
429 1501 556 1531 aeterno,
581 1497 655 1534 quod
687 1497 753 1525 dicit
783 1499 940 1533 respectum
973 1496 1008 1524 ad
1040 1496 1147 1524 Patrem

307 1549 337 1575 ut
362 1546 397 1574 ad
425 1545 608 1582 principium,
634 1544 669 1572 ad
691 1547 849 1572 creaturam
877 1545 970 1571 autem
999 1546 1031 1571 ut
1052 1543 1087 1571 ad
1115 1543 1150 1571 es-

306 1594 418 1622 fectum.

385 1640 410 1668 [ι.
433 1639 471 1667 Ad
494 1638 563 1667 illud
592 1638 665 1675 quod
694 1638 837 1667 obiicitur.
859 1637 933 1674 quod
962 1640 1027 1665 tunc
1049 1637 1150 1673 poterit

307 1688 360 1716 dici
381 1686 504 1715 Verbum
520 1689 677 1716 creaturae:
696 1685 858 1719 dicendum,
881 1685 968 1721 quod,
984 1685 1055 1713 sicut
1076 1687 1150 1721 patet

307 1742 343 1763 ex
364 1734 470 1762 ratione
484 1732 618 1766 nominis,
640 1732 757 1760 verbum
780 1732 846 1760 dicit
860 1734 1017 1767 respectum
1040 1734 1071 1759 ut
1084 1731 1092 1743 ⁸
1114 1731 1149 1759 ad

307 1780 523 1817 producentem„
540 1778 602 1815 quia
620 1777 721 1806 dicitur
733 1777 852 1805 verbam
868 1777 988 1805 (licentis
998 1787 1008 1810 ;
1023 1777 1149 1805 similiter

308 1828 425 1861 domun:
447 1829 474 1854 et
488 1825 553 1862 quia
567 1824 728 1862 principalis
742 1828 897 1861 respectus,
920 1824 1086 1861 iniportatus
1100 1832 1150 1860 per

308 1882 424 1908 nomen,
445 1873 535 1902 solum
558 1872 659 1900 dicitur
687 1875 815 1908 respectu
836 1879 985 1908 personae,
1011 1871 1073 1899 ideo
1100 1879 1149 1900 nec

309 1922 392 1950 Filius
413 1920 514 1949 dicitur
542 1919 659 1947 verbum
683 1922 845 1952 creaturae,
874 1926 923 1947 nec
952 1918 1071 1955 Spiritus
1092 1926 1151 1946 san-

310 1972 371 1997 ctus
391 1968 496 1996 donum
517 1969 671 1995 creaturae.
694 1965 727 1992 Et
748 1965 776 1992 si
790 1968 821 1992 tu.
842 1964 965 1993 obiicias
986 1964 1021 1993 de
1040 1964 1091 1993 hoc
1107 1973 1151 1993 no-

990 203 1241 232 SENTENTIARUM
1262 202 1320 230 ΗΒ.
1343 202 1360 229 l.

1200 280 1275 309 mine
1289 279 1427 316 spii-uus,
1443 278 1605 309 dicendum.
1621 278 1696 315 quod
1712 281 1795 314 prout
1809 278 1843 306 de
1859 278 1959 314 spiritu
1974 276 2047 306 Eliae
2060 283 2147 302 solvitur.

1201 327 1317 361 dicitur,
1332 335 1386 355 non
1402 326 1537 363 accipitur
1552 325 1587 354 ab
1608 329 1677 354 actu
1690 324 1975 361 personati—quia*
1992 324 2048 360 Spi-

1201 374 1272 402 ritus
1293 377 1406 402 sanctus
1421 372 1523 401 dicitur
1539 372 1653 409 spiritus
1668 371 1756 400 Patris
1771 374 1798 399 et
1812 371 1870 399 Filii
1890 374 1998 399 tantum
2009 387 2048 391 ——

1201 420 1250 448 sed
1272 420 1407 456 accipitur
1427 419 1462 447 ab
1484 422 1553 447 actu
1573 417 1725 455 spu-anca,
1748 418 1782 446 de
1804 426 1859 454 quo
1875 417 1981 446 loannis
1996 421 2048 446 ter-

1201 467 1238 495 tio
1252 467 1274 494 ⁵:
1306 466 1453 503 Spiritus,
1475 465 1527 493 ubi
1553 465 1615 493 molt
1633 464 1747 501 spiram
1776 467 1802 493 et
1830 464 1880 493 iste
1902 467 1943 493 est
1964 467 2048 493 actus

1202 513 1370 542 essentialis.
1393 513 1469 542 Unde
1485 512 1556 541 sicut
1577 512 1679 540 dicitur
1693 512 1771 539 Deus
1794 511 1881 546 Eliae,
1896 512 1962 548 quia
1975 511 2049 540 fovet
2081 516 2188 553 Explicatur

1202 560 1301 594 Etiam,
1316 560 1360 588 vel
1375 559 1410 587 ab
1424 559 1518 596 aliquo
1532 558 1586 587 alio
1601 561 1677 592 actu,
1693 558 1731 586 ita
1744 557 1869 594 spiritus
1883 557 1967 592 filiae,
1982 545 2071 595 qums.
2085 542 2187 564 ”fflpmm'

1202 607 1289 644 spirat
1312 607 1397 641 Eliae;
1418 606 1455 634 ita
1475 606 1558 635 etiam
1581 608 1673 642 posset
1694 604 1747 633 dici
1776 604 1901 641 spiritus
1927 608 2048 633 sanctus
2213 612 2215 650 1

1204 654 1289 688 Eliae,
1311 653 1382 682 sicut
1397 653 1499 681 dicitur
1514 652 1636 681 Danielis
1657 652 1766 680 decimo
1780 651 1862 680 tertio
1874 651 1899 679 ⁰:
1922 651 2049 680 Suscita-

1202 701 1243 729 vit
1258 701 1335 728 Deus
1355 699 1495 737 spiritum
1509 702 1645 727 εακησίιιφη
1664 698 1753 735 pueri
1766 698 1902 726 iunioris.
1921 698 1975 727 Nec
1996 698 2049 727 hoo

1203 751 1245 776 est
1265 750 1361 776 contra
1382 746 1560 783 Magistrum,
1582 746 1647 782 quia
1669 745 1728 782 ipse
1743 745 1867 782 loquitur
1889 745 1924 774 de
1945 745 2049 782 Spiritu

1204 797 1314 828 sancte,
1339 796 1423 830 prout
1452 796 1494 821 est
1518 800 1619 821 nomen
1648 792 1809 828 impositum
1837 800 1853 820 a
1880 792 2050 830 proprietate

1203 841 1351 879 personali.
1378 841 1407 868 Et
1434 840 1522 877 inagis
1550 839 1766 868 determinatum
1801 842 1843 868 est
1868 839 1937 867 illud
1966 839 2049 868 totale

1203 896 1320 921 nomen,
1349 887 1424 924 qnod
1451 890 1504 915 stet
1532 894 1582 923 pro
1610 894 1737 922 persona,
1757 894 1841 922 quam
1869 886 1921 914 hoc
1949 893 2050 914 nomen

1202 935 1327 971 spiritns
1342 942 1393 971 per
1407 942 1452 966 se;
1468 934 1529 962 ideo
1551 932 1725 969 frequentius
1740 932 1898 961 invenimus
1911 932 2051 969 spiritum

1204 981 1256 1009 dici
1279 981 1397 1009 alicuius
1419 980 1539 1009 hominis
1559 988 1643 1017 quain
1663 979 1803 1016 spiritum
1817 983 1953 1007 sanctum
1968 979 2051 1008 alicu-

1204 1028 1247 1055 ius
1269 1027 1397 1055 hominis.
1427 1027 1550 1055 Attamen
1571 1026 1713 1055 invenitur
1738 1025 1856 1059 alicubi,
1877 1025 1957 1063 quia,
1980 1026 2052 1054 sicut

1204 1073 1306 1102 dicitur
1327 1073 1451 1110 spiritus
1474 1073 1562 1106 Eliae,
1585 1073 1650 1109 quia
1671 1073 1698 1101 in
1720 1080 1784 1101 eum
1814 1073 1901 1109 spirat
1922 1075 1949 1101 et
1970 1072 2052 1109 inspi-

1204 1124 1247 1149 rat
1261 1121 1285 1154 ⁷,
1308 1120 1345 1148 ita
1366 1123 1393 1148 et
1419 1119 1544 1156 spiritus
1565 1123 1685 1147 sanctus
1708 1119 1795 1153 Eliae,
1817 1119 1884 1156 quia
1904 1119 1929 1147 ei
1958 1122 2052 1148 sanc-ta

1205 1167 1330 1204 inspirat.
1346 1167 1375 1194 Et
1391 1166 1452 1195 ideo
1467 1166 1591 1194 fortassis
1607 1166 1661 1194 ibiS
1676 1166 1782 1194 dictum
1800 1169 1854 1200 est,
1873 1166 1947 1203 quod
1963 1166 2052 1194 susci-

1205 1215 1276 1242 tavit
1290 1214 1427 1250 spiritum
1443 1217 1589 1246 scutetum,
1602 1213 1666 1250 quia
1681 1221 1735 1241 non
1750 1213 1801 1241 fuit
1816 1213 1849 1241 ad
1866 1213 1962 1241 futura
1975 1221 2053 1250 prae-

1206 1261 1368 1295 dicendum,
1388 1260 1435 1289 sed
1458 1260 1493 1288 ad
1515 1260 1640 1296 iniquum
1664 1260 1797 1288 iudicium
1822 1260 2038 1289 retractandum.

1285 1308 1310 1335 ὃ.
1332 1307 1371 1335 Ad
1393 1306 1461 1334 illud
1484 1306 1559 1343 quod
1581 1306 1723 1340 obiicitur⁷
1746 1306 1820 1343 quod
1843 1314 1943 1341 nomen
1958 1306 2053 1335 dicens

1206 1357 1364 1390 respectum
1379 1353 1414 1381 ad
1430 1356 1587 1381 creaturam
1603 1361 1657 1381 non
1673 1356 1714 1381 est
1726 1353 1877 1387 notionale3
1889 1352 2052 1387 dicendum,

1206 1401 1280 1438 quod
1304 1409 1402 1429 verum
1424 1403 1477 1434 est,
1499 1400 1521 1428 si
1544 1400 1623 1428 illum
1642 1408 1719 1436 pure
1739 1400 1827 1434 dicat:
1857 1400 1904 1429 sed
1928 1400 2050 1429 Verbum

1206 1456 1259 1476 non
1283 1452 1394 1476 anuum
1418 1447 1510 1483 ipsum
1532 1447 1598 1475 dicit
1621 1455 1669 1475 nec
1682 1447 1889 1483 principaliter
1911 1447 1989 1481 dicit,
2005 1447 2053 1476 sed

1206 1495 1397 1532 principaliter
1419 1494 1485 1523 dicit
1507 1497 1665 1530 respectum
1687 1494 1722 1522 ad
1745 1494 1869 1524 Patrem.
1884 1494 1956 1522 sicut
1970 1496 1997 1522 et
2019 1493 2053 1522 de

1206 1542 1283 1570 Dono
1305 1541 1410 1570 dictum
1426 1544 1467 1570 est
1478 1541 1495 1569 ⁰.
1512 1541 1596 1577 Magis
1610 1544 1704 1569 autem
1720 1540 1804 1569 Filiiis
1819 1543 1846 1569 et
1860 1540 1979 1577 Spiritus
1995 1548 2054 1569 san-

1206 1592 1268 1617 ctus
1283 1589 1462 1617 nominantur
1487 1588 1646 1616 nominibus
1671 1588 1827 1616 dicentibus
1845 1590 2004 1625 respectum
2018 1587 2054 1616 ad

1207 1639 1363 1664 creaturam
1380 1643 1463 1672 quam
1487 1635 1580 1668 Pater,
1601 1635 1732 1671 quoniam
1748 1635 1903 1663 secundum
1919 1634 2053 1662 rationem
2068 1638 2182 1657 Notandum-

1207 1682 1377 1719 intelligendi
1403 1686 1430 1710 et
1450 1681 1649 1719 appropriandi
1669 1681 1748 1718 quasi
1764 1681 1888 1709 medium
1904 1684 1969 1710 sunt
1983 1681 2055 1709 inter

1208 1738 1257 1758 nos
1278 1733 1305 1758 et
1329 1729 1429 1763 Deum,
1452 1732 1478 1757 et
1507 1728 1661 1757 secundum
1691 1728 1826 1756 rationem
1855 1727 2053 1764 appropriandi

1208 1779 1272 1805 sunt
1292 1776 1458 1805 reducentes
1479 1775 1514 1803 ad
1536 1775 1633 1803 Deum.
1658 1775 1733 1803 Unde
1755 1775 1910 1803 secundum
1929 1773 2055 1811 Augusti-

1207 1832 1274 1851 num
1289 1824 1322 1851 ¹⁰:
1351 1834 1363 1849 «
1379 1823 1457 1851 Pater
1478 1825 1520 1851 est
1540 1822 1722 1859 principium,
1738 1822 1773 1850 ad
1788 1821 1863 1858 quod
1878 1820 2042 1849 reducimur
2048 1831 2055 1855 3

1207 1871 1290 1899 Filius
1318 1870 1419 1904 forma,
1448 1877 1531 1906 quam
1555 1869 1719 1906 sequimur,
1748 1872 1774 1897 et
1802 1868 1921 1905 Spiritus
1943 1870 2055 1896 sanctus

1208 1918 1307 1954 gratia,
1329 1925 1384 1953 qua
1403 1916 1656 1945 reconciliamur».
1681 1915 1756 1943 Unde
1771 1918 1797 1943 et
1813 1915 1863 1951 ipsi
1887 1914 1974 1951 magis
1994 1922 2056 1951 pro-

1208 1965 1266 2001 prie
1288 1964 1367 1992 nobis
1389 1963 1448 1992 dari
1471 1963 1604 1993 diffluitur
1624 1971 1707 1999 quam
1732 1962 1818 1990 Pater.

2200 442 2215 475 'i

2212 477 2215 493 i

1048 2078 1307 2114 SOHOLION.

372 2197 386 2218 1.
404 2196 426 2218 ln
444 2201 546 2223 respons.
565 2195 711 2222 distinguitur
728 2195 748 2215 in
767 2193 844 2216 Verbo
862 2194 942 2221 triplex
959 2193 1090 2220 similitudo,
1103 2192 1150 2215 scil.

309 2235 379 2257 Patris
396 2234 509 2257 [nutatim
523 2233 683 2262 (expressiva),
702 2238 779 2254 rerum
796 2235 924 2254 creatarum
942 2231 1110 2260 cawnmlatira,
1130 2235 1152 2253 et

309 2273 434 2295 earundem
451 2272 578 2301 operativa.
595 2272 655 2293 Haec
673 2274 765 2298 accepta
782 2273 835 2292 sunt
851 2277 878 2292 ex
894 2270 999 2297 August„
1018 2270 1046 2291 83
1060 2270 1150 2297 Qnacst.

310 2319 331 2341 q.
350 2312 390 2340 63,
409 2314 431 2334 et
447 2311 572 2339 approbata
590 2311 619 2332 ab
637 2311 705 2337 Alex„
718 2310 739 2331 S.
753 2316 775 2337 p.
786 2310 799 2331 l.
812 2310 848 2330 52.
862 2315 891 2331 m.
910 2309 925 2330 Ι.
939 2315 958 2330 a.
973 2309 993 2336 3,
1006 2312 1027 2331 et
1039 2308 1068 2330 ab
1081 2309 1152 2336 Ango-

309 2352 362 2379 lico,
380 2351 402 2373 S.
421 2357 442 2379 q.
461 2350 497 2372 34.
515 2356 534 2372 a.
553 2350 577 2374 32
595 2350 635 2371 csr.
653 2350 720 2371 etiam
738 2350 825 2377 quaest.
843 2354 891 2376 seq.
904 2347 933 2369 nd
946 2348 966 2369 2.
979 2359 1010 2363 ·—
1022 2348 1116 2375 Argum.
1135 2348 1150 2369 i.

1209 2193 1230 2214 in
1248 2192 1352 2214 fundam.
1379 2194 1431 2219 eget
1455 2191 1616 2219 explicatione.
1643 2196 1702 2218 qnae
1719 2189 1744 2211 sit.
1760 2190 1781 2211 in
1801 2195 1903 2217 respons.
1922 2189 2055 2217 dupliciter,

1209 2230 1338 2258 incipiendo
1357 2237 1368 2251 a
1386 2229 1476 2251 vernis:
1494 2228 1659 2251 Cone-edendae
1672 2229 1742 2256 igitur
1754 2231 1812 2250 sunt.
1825 2240 1856 2244 —
1868 2228 1911 2249 Pro
1929 2229 1973 2249 tota
1987 2233 2056 2256 quae-

1209 2270 1281 2292 stione
1299 2270 1338 2290 ct‘r.
1356 2275 1426 2296 supra
1445 2268 1466 2290 d.
1490 2268 1522 2290 18.
1540 2275 1561 2296 (Ι.
1580 2267 1608 2295 5,
1626 2271 1648 2290 et
1665 2273 1707 2295 pro
1726 2267 1791 2289 solut.
1811 2267 1846 2288 nd.
1866 2266 1885 2288 si.
1904 2266 1959 2289 ibid.
1978 2272 1999 2295 (1.
2019 2266 2039 2288 6.

1273 2308 1294 2329 ll.
1312 2307 1369 2330 Cum
1389 2308 1431 2329 linc
1456 2307 1589 2335 quaestione.
1614 2307 1721 2328 cohaeret
1749 2305 1905 2327 controversia
1923 2304 2053 2333 quaedam.

1208 2348 1333 2375 praecipuo
1346 2347 1402 2368 inter
1415 2346 1516 2368 scholam
1535 2345 1699 2367 Tbomisticnm
1712 2347 1733 2366 et
1746 2345 1887 2366 Scotisticam
1905 2345 1995 2372 agitata,
2008 2343 2055 2365 scil.

373 2549 380 2564 1
399 2549 441 2571 Pro
458 2549 524 2576 stati,
544 2547 607 2576 quod
624 2547 755 2569 auctoritate
772 2545 876 2567 oninium
893 2544 960 2566 codd.
973 2548 994 2566 ct
1006 2544 1059 2566 edd.
1077 2544 1154 2571 posui-

311 2595 377 2617 mus,
404 2588 453 2609 Vnt.
479 2593 531 2609 cum
557 2586 660 2614 originali
684 2585 752 2615 sitini.
778 2585 826 2606 Mox
852 2590 894 2611 pro
918 2582 1063 2605 habitualem
1088 2583 1152 2604 multi

311 2628 378 2651 codd.
401 2630 426 2649 ut
447 2626 463 2649 C
473 2627 491 2647 H
501 2626 518 2647 l<
531 2626 549 2647 M
560 2626 577 2646 R
588 2625 601 2646 S
612 2625 629 2646 T
640 2625 658 2646 U
668 2624 687 2646 V
697 2624 715 2646 Y
726 2624 742 2645 Z
766 2623 796 2645 bl]
820 2621 1017 2647 autumnitatem„
1041 2624 1062 2643 ct
1085 2621 1152 2643 codd.

312 2668 329 2689 A
338 2668 356 2689 G
366 2667 381 2688 L
391 2666 408 2688 O
426 2664 583 2688 habitialmem
592 2673 599 2691 ‚·
612 2670 656 2685 non
674 2667 745 2690 recteq
758 2662 811 2684 vitle
829 2668 899 2690 supra
912 2668 964 2690 pag.
984 2661 1036 2687 325,
1050 2664 1101 2683 nota
1119 2661 1151 2682 10.

374 2707 383 2720 ⁹
400 2706 450 2728 Vnt.
468 2710 521 2727 cum
539 2704 588 2726 cod.
607 2709 632 2725 cc
649 2702 792 2725 eoeistentem.

374 2745 383 2760 3
400 2744 455 2767 Coa.
473 2744 490 2765 O
508 2744 591 2765 omittit
609 2743 640 2764 ut.

374 2784 383 2799 4
401 2784 478 2805 Plures
495 2782 562 2804 codd.
580 2784 604 2803 ut
621 2780 719 2808 GHPQ
730 2781 747 2801 ff
760 2780 818 2802 hene
836 2779 945 2801 adiiciunt.
961 2778 1001 2801 sic.

375 2823 384 2837 ⁵
401 2823 466 2845 Vers.
485 2822 504 2843 Β.
522 2832 553 2836 -
569 2820 641 2843 Actus
658 2818 780 2847 spa-ama,
800 2818 829 2840 do
847 2824 892 2846 quo
910 2818 931 2839 S.
951 2818 1033 2839 Doctor
1054 2817 1154 2845 loquitur

313 2863 380 2891 paulo
391 2861 506 2889 superius,
524 2859 585 2881 idem
602 2857 750 2886 accipiendus
771 2860 805 2879 cst
827 2863 853 2879 ac
877 2857 944 2879 (ictus
967 2855 1106 2885 inspirandi.
1123 2868 1154 2871 —

313 2902 363 2923 Post
381 2899 452 2922 verba
470 2898 497 2921 (lc
514 2904 574 2928 quo,
604 2903 663 2925 quac
685 2897 786 2924 proximo
807 2898 947 2924 sequuntur,
970 2895 1005 2916 ed.
1031 2895 1036 2916 l
1064 2894 1153 2916 subiicit

313 2939 418 2966 (licitur,-
440 2938 501 2960 idem
524 2936 623 2958 verbum
649 2936 698 2958 Vat.
722 2937 812 2962 praeter
833 2935 990 2957 auctoritatem
1013 2934 1079 2955 codd.
1102 2939 1154 2955 mox

313 2979 394 3006 repetit
418 2980 469 3005 post
490 2976 529 2999 ita.
556 2975 641 2998 Deinde
665 2980 706 3002 pro
732 2973 808 3003 spirat
831 2973 896 2996 Eliac
913 2973 963 2995 cod.
982 2972 999 2995 O
1021 2972 1154 3002 suspiratur
1181 2955 1182 2994 i

1211 2542 1287 2569 Euae,
1307 2545 1329 2564 et
1345 2542 1381 2564 cd.
1404 2543 1408 2564 1
1432 2541 1531 2570 nupsi-at
1553 2540 1626 2563 Eliuc.
1643 2553 1674 2556 —
1692 2541 1723 2563 De
1746 2541 1885 2568 ctyniologitl
1907 2540 1971 2562 vocis
1995 2539 2056 2562 Deus

1209 2581 1263 2603 vide
1281 2588 1350 2609 supra
1369 2587 1422 2609 pag.
1442 2581 1478 2608 60,
1492 2583 1544 2602 uota
1563 2581 1583 2602 2.

1272 2621 1281 2635 ὓ
1299 2621 1362 2643 Vers.
1382 2620 1417 2642 45.
1429 2632 1461 2636 —-
1472 2619 1504 2641 De
1522 2620 1631 2641 sententia
1649 2619 1763 2647 Magistri,
1784 2624 1853 2647 quam
1871 2618 1891 2640 S.
1905 2618 1989 2640 Doctor
2000 2623 2055 2639 mox

1210 2661 1284 2687 asseri,
1303 2660 1356 2681 xido
1373 2666 1443 2686 snpra
1462 2659 1483 2681 d.
1503 2658 1579 2680 XVlll.
1598 2665 1616 2679 (τ.
1636 2658 1660 2686 5,
1679 2661 1701 2680 et
1718 2657 1844 2680 Comment.
1863 2657 1917 2679 ibid.
1937 2663 1958 2685 q.
1976 2657 1997 2678 6.

1272 2699 1282 2713 7
1297 2698 1351 2720 Cod.
1371 2698 1388 2719 T
1407 2697 1546 2726 inspiratur.

1272 2737 1282 2751 3
1299 2738 1354 2759 Dan.
1377 2737 1409 2765 13,
1429 2736 1472 2758 45:
1491 2737 1613 2758 Suscitavit
1630 2736 1742 2757 Dominus
1755 2736 1861 2763 spiritum
1874 2736 1977 2757 sanctum
1990 2734 2055 2762 pueri

1210 2777 1317 2800 iunioris.
1335 2777 1401 2798 cuins
1418 2781 1501 2797 nomen
1520 2775 1604 2796 Daniel.

1272 2815 1281 2829 ⁰
1299 2815 1373 2842 Supra
1391 2814 1413 2836 d.
1436 2814 1468 2836 18.
1487 2820 1508 2842 q.
1527 2813 1548 2835 4.
1566 2813 1587 2835 5.

1275 2854 1292 2868 ¹0
1311 2854 1340 2875 Do
1359 2854 1417 2876 Vera
1435 2853 1564 2880 Religione,
1578 2859 1596 2874 c.
1610 2852 1645 2874 55.
1660 2858 1681 2874 n.
1701 2852 1752 2880 113,
1770 2851 1809 2874 ubi
1828 2851 1938 2879 originale
1956 2849 2057 2873 recurri-

1210 2899 1264 2915 mus
1281 2899 1323 2920 pro
1341 2891 1484 2915 rcdttciumr.
1494 2904 1525 2907 —
1534 2892 1603 2913 Panlo
1616 2895 1666 2914 ante
1679 2891 1745 2913 codd.
1759 2891 1773 2912 lJ
1784 2891 1802 2918 Q
1816 2893 1863 2912 tum
1876 2893 1927 2917 post
1939 2889 1961 2911 et
1971 2888 2054 2915 Deum,

1210 2935 1258 2954 tum
1277 2934 1328 2959 post
1345 2931 1376 2954 ad
1392 2931 1470 2953 Deum
1488 2931 1575 2953 addunt
1592 2931 1694 2953 Patrem.
