2215 3404
0 846 126 866 Jundamenia.

6 1499 36 1518 Ad
48 1499 123 1523 opposi-

40 1524 85 1541 tum.

677 205 759 234 DIST.
782 205 892 233 XXVIII.
915 205 986 233 ΛΒΤ.
1010 205 1124 233 UNICUS
1146 205 1281 241 QUAEST.
1305 205 1344 233 111.

892 352 1054 389 QUAESTIO
1075 352 1115 380 III.

419 487 524 515 Utrum
545 485 778 518 innascibilitas,
800 493 840 513 an
857 484 1024 521 paternitas
1045 484 1084 512 sit
1100 484 1269 521 proprietas
1287 483 1454 520 personalis
1476 483 1587 511 Patris.

212 652 303 681 Tertio
324 652 485 690 quaeritur,
507 654 604 680 utrum
632 651 831 680 innascibilitas
859 651 894 680 sit
919 659 980 688 pro-

132 699 236 737 prietas
257 699 316 728 sive
337 699 434 728 relatio
459 699 613 736 personalis
634 698 791 736 personae¹
815 698 917 732 Patris,
944 706 980 726 an

133 745 293 783 paternitas.
316 745 347 774 Et
368 745 443 782 quod
465 746 499 774 sit
519 745 686 782 paternitas,
708 745 833 773 videtur:

215 794 238 821 1.
261 793 331 829 Quia
349 792 396 821 illa
417 795 458 821 est
473 793 630 829 proprietas
643 792 813 829 personalis,
829 795 878 829 per
894 799 979 828 quam

132 847 252 877 persona
272 839 307 868 ab
335 840 466 868 omnibus
491 842 652 876 separatur:
681 839 730 868 sed
759 838 820 867 talis
842 841 883 867 est
911 838 979 867 haec

133 887 230 915 relatio
247 887 431 924 paternitas.-
454 894 520 923 ergo
542 889 592 915 etc.

211 935 237 962 2.
259 934 338 968 Item,
353 933 400 961 illa
415 936 457 962 est
477 933 633 970 proprietas
647 932 813 970 personalis,
829 940 879 969 per
894 940 979 969 quam

132 988 251 1017 persona
273 980 465 1017 propriissime
484 980 644 1008 nominatur
667 982 694 1008 et
721 979 908 1016 exprimitur,
930 979 978 1008 sed

132 1034 250 1063 persona
272 1027 359 1056 Patris
379 1026 571 1064 propriissime
592 1026 762 1063 exprimitur
789 1034 840 1063 per
862 1026 980 1063 paterni-

132 1076 229 1102 tatem:
250 1081 316 1110 ergo
337 1076 387 1102 etc.

211 1120 236 1149 3.
259 1121 341 1155 Item,
363 1121 434 1149 sicut
458 1120 555 1149 filiatio
576 1128 605 1149 se
633 1120 717 1149 habet
738 1120 773 1149 ad
804 1120 918 1153 Filium,
940 1119 979 1148 516

131 1168 283 1205 paternitas
304 1168 340 1196 ad
361 1167 486 1202 Patrem,
508 1167 557 1196 sed
578 1167 674 1196 filiatio
702 1170 744 1196 est
764 1166 919 1203 personalis
940 1174 980 1195 re-

132 1215 197 1243 latio
217 1222 352 1251 personae
373 1214 446 1242 Filii:
469 1222 535 1251 ergo
556 1217 583 1242 et
605 1213 756 1250 paternitas
777 1213 872 1241 Patris.

210 1262 236 1290 li.
258 1262 341 1293 Item,
363 1261 411 1289 illa
431 1263 473 1289 est
493 1261 649 1297 proprietas
679 1268 825 1297 personae,
848 1267 919 1296 quae
941 1259 979 1288 di-

132 1308 190 1338 cit2
218 1317 267 1346 per
289 1308 404 1337 modum
426 1308 569 1345 positionis
590 1310 617 1336 et
638 1307 768 1344 propriae
790 1307 978 1341 habitudinis,

133 1356 182 1384 sed
203 1356 274 1384 inter
295 1363 391 1384 omnes
405 1355 566 1389 relationes,
588 1362 660 1391 quae
682 1354 814 1383 dicuntur
829 1354 864 1383 de
886 1354 977 1388 Patre,

133 1402 191 1431 sola
211 1402 363 1439 paternitas
383 1404 425 1430 est
446 1401 522 1429 talis:
545 1409 611 1438 ergo
632 1391 682 1430 esc.

211 1448 335 1477 Conrnaz
365 1450 387 1476 l.
420 1448 576 1484 Proprietas
608 1447 665 1476 sive
694 1447 792 1475 relatio
824 1446 978 1484 personalis

135 1494 183 1523 dat
204 1503 262 1523 esse
282 1501 433 1531 personae;
456 1494 504 1525 sed
525 1493 677 1530 paternitas
698 1501 753 1521 non
776 1492 823 1521 dat
837 1500 897 1521 esse
919 1500 979 1529 per-

134 1549 217 1571 sonae
239 1541 341 1576 Patris,
373 1541 439 1578 quia
468 1541 535 1569 nihil
566 1540 650 1569 habet
672 1547 732 1568 esse
754 1547 791 1568 ex
812 1539 880 1574 1106,
902 1539 977 1576 quod

133 1588 213 1617 alteri
245 1588 292 1617 dat
316 1595 393 1622 esse;
421 1587 470 1616 sed
498 1595 618 1624 persona
649 1586 736 1615 Patris
758 1586 860 1615 dicitur
881 1589 976 1624 pater,

133 1635 199 1672 quia
218 1634 298 1663 alteri
320 1634 367 1662 dat
388 1641 462 1662 esse:
485 1641 551 1670 ergo
573 1636 623 1662 etc.

210 1682 237 1710 2.
259 1681 342 1714 Item,
370 1688 425 1709 non
454 1680 593 1709 intellecta
624 1679 794 1716 proprietate
819 1678 975 1716 personali,

131 1727 301 1764 impossibile
322 1730 363 1756 est
384 1727 538 1764 intelligere
559 1734 720 1764 personam3
749 1726 798 1755 sed
819 1734 872 1754 non
901 1725 977 1754 intel-

131 1774 201 1803 lecta
222 1774 396 1811 paternitate,
416 1776 457 1802 est
483 1773 637 1810 intelligere
668 1773 818 1801 habentem
846 1772 976 1801 deitatem

131 1823 158 1849 et
179 1820 434 1849 innascibilitatem:
457 1828 523 1857 ergo
545 1827 609 1848 cum
638 1819 838 1848 innascibilitas
860 1819 894 1848 sit
916 1827 977 1856 pro-

130 1868 235 1905 prietas
255 1874 390 1904 personae
412 1867 515 1901 Patris,
536 1874 602 1903 ergo
623 1869 673 1895 etc.
970 1879 974 1882 ·

210 1914 236 1942 3.
257 1914 340 1948 Item,
362 1913 519 1950 proprietas
540 1912 695 1949 personalis
717 1912 799 1941 debet
820 1912 913 1940 dicere
940 1915 977 1940 to-

133 1963 192 1988 tum
224 1968 283 1988 esse
314 1966 468 1996 personae3
497 1959 546 1987 sed
577 1958 729 1995 paternitas
764 1966 818 1986 non
849 1958 974 1986 nominat

130 2013 279 2043 personam
301 2005 389 2033 Patris
410 2005 565 2034 secundum
587 2011 698 2032 omnem
717 2004 920 2041 plenitudinem
942 2004 977 2032 fe-

131 2051 296 2086 cunditatis,
319 2051 368 2080 sed
390 2051 603 2079 innascibilitas:
626 2058 694 2087 ergo
715 2053 765 2079 etc.

209 2099 236 2127 [ι.
256 2098 337 2133 Item,
359 2097 581 2126 Damascenus³:
603 2097 656 2125 «In
678 2097 779 2125 divinis
797 2097 890 2125 onmia
911 2100 976 2126 sunt

132 2152 220 2173 unum
242 2148 353 2182 praeter
375 2144 596 2181 generationem,
618 2143 853 2181 ingenerationem
874 2146 901 2172 et
915 2151 976 2180 pro-

132 2192 284 2221 cessionem
299 2202 333 2226 »3
371 2194 478 2220 constat
512 2191 587 2227 quod
628 2199 683 2219 non
718 2190 842 2218 nominat
879 2198 976 2219 omnes

132 2239 323 2276 proprietates,
345 2246 411 2275 ergo
427 2238 516 2266 solum
532 2237 708 2275 personales:
724 2245 790 2274 ergo
806 2237 975 2274 ingeneratio

131 2289 173 2314 est
193 2286 348 2323 proprietas
378 2284 548 2322 personalis,
579 2287 606 2313 et
626 2293 681 2313 non
715 2284 766 2313 nisi
801 2284 901 2313 Patris:
935 2292 976 2313 er-

132 2339 166 2369 go
188 2335 238 2361 etc.

195 2619 201 2633 ¹
221 2619 292 2642 Codd.
312 2619 355 2647 ΡΩ
376 2620 482 2641 omittunt
507 2625 589 2641 vocem
611 2625 742 2649 personae,
772 2619 807 2641 alii
833 2618 899 2641 codd.
923 2624 976 2640 cum

132 2658 185 2680 edd.
202 2664 284 2680 vocem
301 2657 440 2687 personatis.
452 2670 484 2674 -
495 2658 618 2686 Principia,
637 2664 696 2687 quae
714 2659 735 2680 in
753 2664 817 2687 seqq.
835 2658 977 2685 argumentis

132 2696 281 2723 adhibentur,
299 2696 434 2718 deducenda
452 2699 505 2718 sunt
521 2703 548 2718 ex
565 2697 586 2718 d.
606 2697 641 2718 26.
660 2703 683 2725 q.
702 2696 747 2718 l-li.

194 2735 203 2748 o
222 2735 271 2756 Vat.
289 2741 342 2756 611111
360 2734 475 2763 ailquibus
492 2741 546 2757 mss.
565 2735 659 2758 dicitur.

194 2773 204 2787 3
221 2773 269 2795 Lib.
288 2773 302 2795 l.
320 2773 349 2795 de
366 2773 419 2795 Fide
437 2774 527 2795 orthod.
545 2779 564 2796 c.
582 2774 602 2796 8.
628 2774 687 2796 Vide
713 2781 782 2802 supra
806 2774 828 2796 d.
855 2774 890 2796 26.
914 2781 935 2803 q.
954 2774 974 2797 sk.

132 2817 180 2839 arg.
199 2811 219 2833 4.
237 2811 266 2833 ad
283 2817 337 2839 opp.

195 2850 204 2864 ⁴¹
222 2851 275 2872 Dist.
294 2851 329 2872 26.
348 2856 369 2872 6.
385 2851 406 2872 2.
424 2856 485 2879 seq.,
503 2853 525 2872 et
542 2851 578 2873 1116
595 2857 614 2873 6.
634 2851 685 2879 1-3,
703 2851 743 2874 ubi
761 2852 829 2874 etiam
847 2851 918 2874 verba
936 2852 970 2873 IIi-

133 2889 180 2911 larii
200 2892 221 2911 et
237 2890 357 2917 Augustini
375 2888 494 2911 habentur.

196 2927 205 2941 ⁵
221 2928 242 2949 ln
261 2927 311 2950 Vat.
329 2931 351 2950 et
367 2928 415 2950 solo
434 2928 483 2950 cod.
502 2934 528 2950 66
545 2928 609 2950 deest
624 2928 710 2951 Patris.

195 2966 204 2980 r,
222 2966 266 2988 Csr.
285 2972 355 2994 supra
374 2966 396 2988 (1.
415 2967 450 2988 26.
469 2973 490 2995 q.
509 2967 529 2989 3.
548 2968 570 2988 in
588 2967 737 2995 corp.—-De
754 2968 910 2995 propositione
922 2967 974 2990 sul)-

1351 658 1562 681 CONCLUSIO.

1086 744 1260 781 Proprietas
1277 745 1444 781 personalis
1467 745 1570 774 Patris
1592 749 1632 773 est
1650 746 1830 782 paternitas,

1134 800 1193 819 non
1214 791 1430 820 innascibilitas
1451 800 1502 820 neo
1525 792 1651 829 spiratio
1673 793 1778 821 activa.

1116 885 1289 914 RESPONDEo:
1318 885 1489 920 Dicendum,
1518 885 1608 922 quod,
1631 885 1702 914 sicut
1724 886 1789 914 dicit
1811 894 1881 914 com-

1036 932 1129 960 munis
1161 932 1253 969 opinio
1284 935 1311 960 et
1342 932 1463 961 habetur
1491 940 1527 961 ex
1559 932 1652 961 verbis
1681 932 1822 969 Magistri⁴
1854 935 1881 961 et

1035 979 1214 1013 Sanctorum,
1244 979 1348 1008 scilicet
1379 979 1472 1007 Hilarii
1504 982 1532 1007 et
1554 979 1708 1015 Augustini,
1729 979 1881 1016 paternitas
1891 985 1988 1004 Conclusio
2004 986 2021 1004 1.

1035 1028 1077 1054 est
1096 1026 1171 1054 notio
1192 1025 1346 1062 personalis
1369 1026 1464 1054 Patris.
1490 1025 1529 1054 Ad
1561 1026 1613 1054 hoc
1634 1025 1717 1059 enim,
1738 1026 1813 1062 quod
1835 1025 1881 1054 ali-

1035 1079 1090 1108 qua
1112 1071 1210 1100 relatio
1231 1071 1265 1100 sit
1287 1071 1456 1108 personalis,
1485 1074 1594 1109 oportet
1614 1071 1689 1109 quod
1711 1071 1784 1100 dicat
1805 1071 1880 1100 illius

1034 1126 1169 1155 personae
1187 1118 1320 1155 primam
1342 1121 1369 1147 et
1379 1118 1537 1155 propriam
1552 1118 1745 1147 habitudinem
1758 1141 1765 1153 ,
1786 1121 1814 1147 et
1829 1126 1879 1155 per

1035 1165 1151 1193 modum
1180 1164 1335 1201 positionis
1366 1168 1393 1193 et
1425 1165 1638 1201 completionis;
1676 1165 1725 1194 sed
1757 1168 1878 1199 constat,

1035 1212 1110 1248 quod
1142 1211 1358 1240 innascibilitas
1389 1214 1525 1248 quantum
1557 1212 1592 1240 ad
1620 1211 1756 1248 primuni
1777 1211 1882 1240 intelle·
1893 1218 1991 1237 Conclusio
2000 1219 2018 1237 2.

1035 1261 1109 1287 ctum
1132 1266 1186 1286 non
1209 1258 1275 1286 dicit
1300 1258 1475 1294 positionem,
1498 1261 1635 1295 quantum
1657 1258 1692 1287 ad
1714 1267 1881 1296 consequen-

1036 1308 1090 1333 tem
1111 1305 1283 1333 intellectum
1306 1313 1360 1333 non
1382 1305 1448 1333 dicit
1469 1304 1623 1341 specialem
1639 1305 1815 1339 relationem,
1832 1305 1880 1333 sed

1034 1351 1165 1379 fontalem
1197 1351 1408 1388 plenitudinem.
1438 1351 1570 1379 Similiter
1591 1351 1716 1388 spiratio
1738 1359 1792 1379 non
1814 1351 1880 1380 dicit
1892 1358 1990 1377 eonciusio
2000 1359 2017 1377 3.

1031 1398 1190 1435 propriam
1222 1398 1387 1426 relationem
1418 1397 1543 1432 Patris⁵3
1565 1401 1592 1426 et
1613 1398 1675 1427 ideo
1696 1406 1809 1426 necesse
1829 1401 1879 1432 est,

1034 1444 1109 1482 quod
1131 1444 1283 1481 paternitas
1305 1444 1387 1473 dicat.
1410 1444 1485 1473 Unde
1507 1448 1534 1473 et
1554 1445 1675 1473 rationes
1697 1445 1731 1473 ad
1760 1445 1812 1473 hoc
1844 1445 1881 1472 in-

1034 1492 1134 1520 ductae
1156 1491 1348 1520 concedendae
1370 1494 1443 1520 sunt.

1115 1539 1139 1565 1.
1161 1537 1199 1566 Ad
1222 1537 1293 1566 illud
1314 1545 1380 1574 ergo
1402 1538 1477 1574 quod
1500 1538 1646 1572 obiicitur,
1668 1537 1742 1574 quod
1757 1538 2021 1585 proprie-pfflpolssggir

1033 1587 1076 1612 tas
1108 1584 1155 1612 dat
1182 1592 1243 1613 esse
1269 1592 1419 1621 personae;
1443 1584 1612 1619 dicendum,
1635 1585 1710 1622 quod
1732 1584 1803 1613 illud
1824 1592 1879 1613 non

1033 1634 1075 1659 est
1096 1631 1308 1668 intelligendum
1330 1631 1364 1660 de
1392 1640 1451 1659 csse
1482 1631 1671 1669 simpliciter,
1694 1631 1741 1660 sed
1764 1631 1799 1660 de
1820 1640 1879 1659 esse

1030 1678 1184 1715 personali
1204 1678 1262 1707 sive
1284 1678 1318 1707 de
1344 1686 1404 1707 esse
1437 1678 1602 1713 distincto⁶;
1634 1681 1661 1707 et
1683 1678 1742 1715 ipsa
1763 1679 1880 1715 paterni-

1034 1725 1096 1754 tatis
1117 1725 1269 1754 auctoritas
1290 1725 1318 1753 in
1340 1725 1442 1765 divinis
1464 1734 1518 1754 non
1540 1725 1640 1754 accidit
1661 1725 1700 1753 illi
1722 1725 1879 1762 hypostasi,

1033 1772 1119 1800 immo
1141 1772 1207 1801 dicit
1237 1772 1313 1800 illius
1341 1764 1477 1809 personae
1503 1773 1750 1810 complementum,
1773 1773 1879 1801 ratione

1033 1819 1114 1847 cuius
1133 1822 1175 1847 est
1196 1819 1256 1847 hoc.
1278 1818 1412 1855 Quamvis
1434 1826 1500 1856 ergo
1523 1819 1601 1847 Pater
1621 1827 1675 1847 non
1701 1819 1802 1847 habeat
1816 1827 1876 1848 esse

1033 1873 1069 1893 ex
1084 1866 1150 1899 hoc,
1172 1865 1247 1902 quod
1269 1866 1316 1894 dat
1337 1866 1417 1895 alteri
1440 1874 1515 1901 esse,
1538 1869 1630 1895 tamen
1657 1866 1725 1894 nihil
1747 1866 1878 1903 impedit,

1032 1911 1125 1948 ipsum
1146 1919 1182 1940 ex
1205 1912 1257 1941 hoc
1283 1919 1343 1941 esse
1365 1920 1513 1949 personam
1535 1913 1703 1941 distinctam.

1111 1959 1136 1987 2.
1159 1958 1198 1986 Ad
1220 1958 1290 1987 illud
1312 1959 1387 1995 quod
1402 1959 1542 1993 obiicitur,
1565 1959 1638 1996 quod
1661 1962 1702 1988 est
1723 1959 1877 1996 intelligere

1030 2012 1179 2041 personam
1196 2005 1282 2033 Patris
1297 2008 1357 2038 etc.;
1374 2005 1534 2040 dIcendum,
1550 2006 1624 2043 quod
1642 2006 1783 2034 intellectu
1795 2005 1879 2042 plene

1031 2052 1258 2088 apprehendente
1280 2055 1307 2080 et
1328 2052 1531 2081 rationabiliter
1552 2053 1728 2089 procedente,
1749 2060 1804 2080 non
1836 2055 1879 2081 est

1032 2098 1185 2135 intelligere
1223 2106 1372 2135 personam
1403 2099 1491 2128 Patris
1523 2100 1567 2128 vel
1610 2099 1780 2136 hypostasim
1820 2099 1879 2128 sine

1031 2144 1232 2181 paternitate⁷3
1265 2145 1332 2182 quia
1367 2146 1389 2174 si
1421 2145 1592 2182 intelligatur
1618 2145 1810 2179 innascibilis,
1841 2145 1878 2174 ita

1031 2191 1105 2228 quod
1138 2199 1192 2219 non
1213 2191 1286 2220 adsit
1308 2192 1467 2228 paternitas,
1490 2191 1674 2220 innascibilis
1695 2192 1760 2221 dicit
1788 2191 1878 2229 priva-

1032 2237 1134 2266 tionem
1166 2245 1217 2266 nec
1245 2237 1352 2274 aliquid
1374 2237 1441 2266 dicit
1468 2238 1541 2267 circa
1573 2238 1694 2272 Patrem,
1716 2238 1791 2275 quod
1824 2245 1879 2266 non

1032 2284 1105 2312 dicat
1126 2284 1210 2312 etiam
1230 2284 1304 2313 circa
1325 2284 1474 2313 essentiam
1486 2296 1493 2319 3
1514 2287 1541 2313 et
1555 2284 1617 2313 ideo
1638 2293 1693 2313 non
1715 2284 1879 2321 intelligitur

1030 2334 1061 2360 ut
1081 2331 1239 2368 proprietas
1267 2331 1423 2368 personalis
1448 2339 1499 2360 nec
1521 2334 1563 2360 est
1584 2331 1638 2360 alia
1648 2331 1667 2366 ⁵,
1689 2335 1715 2360 et
1737 2331 1799 2360 ideo
1820 2339 1876 2360 non

1033 2618 1137 2645 sequenti
1155 2618 1208 2640 vide
1225 2624 1295 2646 supra
1314 2618 1334 2640 d.
1349 2618 1385 2640 27.
1404 2624 1425 2645 p.
1444 2617 1458 2639 l.
1476 2623 1498 2646 q.
1517 2618 1537 2638 2.
1556 2617 1585 2639 ad
1607 2617 1623 2639 Ι.
1636 2620 1657 2639 ot
1670 2617 1690 2643 3,
1703 2619 1725 2638 et
1737 2617 1772 2638 1116
1785 2615 1839 2638 dub.
1858 2616 1874 2638 1.

1032 2670 1063 2674 -
1072 2658 1140 2679 Paulo
1154 2658 1247 2679 interius
1259 2661 1311 2685 post
1321 2663 1369 2680 *non
1382 2656 1467 2679 habeat
1477 2654 1570 2684 plurimi
1588 2656 1655 2678 codd.
1673 2662 1756 2684 parum
1773 2661 1875 2682 congrue

1033 2697 1139 2718 omittunt
1155 2701 1210 2718 esse.
1858 2695 1862 2698 '

1094 2735 1104 2749 7
1122 2735 1214 2757 Plurimi
1232 2734 1299 2757 codd.
1318 2735 1425 2756 omittunt
1441 2733 1478 2756 rel
1494 2732 1639 2763 hypostasim
1657 2732 1706 2755 sine
1719 2731 1873 2761 paternitate,

1032 2774 1084 2796 cdd.
1103 2775 1127 2801 2,
1146 2774 1170 2801 3,
1190 2773 1214 2801 4,
1228 2774 1254 2801 5,
1268 2774 1280 2795 6
1293 2773 1441 2796 solummodo
1453 2772 1525 2795 verba
1537 2771 1573 2795 vel
1584 2771 1743 2801 hypostasim,-
1758 2771 1793 2793 ed.
1809 2771 1816 2792 ’1
1833 2776 1875 2798 pro

1031 2813 1081 2836 sine
1096 2813 1238 2842 paternitate
1255 2813 1346 2835 exhibet
1362 2812 1409 2835 nisi
1425 2812 1541 2835 intellecta
1557 2811 1704 2841 paternitate.
1716 2822 1747 2826 -—
1760 2810 1792 2832 De
1815 2810 1875 2831 intel-

1031 2852 1089 2874 lectu
1107 2852 1295 2879 apprehendente
1313 2852 1406 2874 consule
1423 2851 1480 2873 intra
1498 2850 1553 2872 dub.
1573 2850 1592 2872 l.

1093 2890 1103 2905 3
1120 2890 1170 2912 Vat.
1188 2893 1209 2912 et
1226 2890 1262 2912 ed.
1283 2891 1290 2912 1
1312 2891 1349 2912 1116
1365 2890 1454 2912 addunt
1470 2889 1542 2912 immo
1560 2890 1617 2911 sunt
1632 2888 1789 2917 proprietates
1806 2889 1877 2910 natu-

1030 2929 1107 2957 rales,
1128 2935 1187 2958 quae
1204 2928 1287 2957 verba,
1305 2929 1358 2957 quia
1376 2929 1489 2951 contextui
1508 2934 1553 2950 non
1570 2927 1711 2955 respondent
1727 2930 1749 2950 ot
1765 2928 1787 2949 in
1805 2927 1875 2949 omni-

1030 2968 1075 2991 bus
1092 2968 1159 2990 codd.
1177 2970 1199 2990 ct
1216 2967 1281 2995 cdd„
1299 2969 1385 2995 except.
1405 2967 1425 2995 fl,
1443 2967 1536 2994 desunt,
1550 2967 1571 2988 in
1584 2968 1668 2988 textum
1682 2972 1725 2988 non
1738 2967 1874 2994 recepimus.
