2215 3404
1 693 5 711 Ι
17 693 90 717 opposi-

10 718 55 735 tum.

7 1628 91 1646 tamenta.

657 139 740 167 DIST.
763 140 864 169 XXXV.
886 141 958 169 ART.
982 141 1096 170 UNICUS
1117 142 1252 178 QUAEST.
1275 144 1303 171 Il.

1798 149 1852 177 605

873 295 1034 332 Quaasrio
1060 296 1087 325 11.

523 403 628 431 [sm-mn.
650 403 680 431 z'iz
702 403 775 431 ideis
793 404 926 440 ponenda
949 404 988 433 sit
1005 404 1168 442 pluralitas
1188 407 1347 435 secundum
1369 416 1440 436 *rena

181 546 308 575 Secundo
329 546 487 583 quaeritur,
509 550 605 574 utrum
638 547 673 575 sit
699 554 804 583 ponere
829 548 856 576 in
879 547 948 585 ideis

103 593 292 630 pluralitatem
314 593 468 622 secundum
491 601 559 622 rem.
582 593 614 621 Et
634 593 709 630 quod
731 594 785 628 sic,
808 595 932 623 videtur:

184 640 207 667 1.
236 639 306 676 Quia
334 640 523 676 Augustinus¹
546 640 627 674 dicit,
655 640 730 677 quod
755 641 860 670 «ideae
883 644 947 670 sunt

102 685 207 715 formae
222 688 351 715 aeternae
366 689 393 715 et
414 686 690 715 incommutabiles».
714 687 739 715 Si
756 691 821 716 sunt
842 688 947 717 formae

101 732 214 769 plures,
235 740 298 761 cum
321 732 411 761 forma.
426 733 499 762 dicat
520 733 613 770 ipsum
628 734 703 770 quod
725 737 767 762 est
788 734 854 762 ide-a
869 734 947 762 abso-

101 778 174 814 lute,
196 781 261 807 tunc
283 779 404 814 videtur,
426 780 501 816 quod
524 780 578 808 sint
599 780 708 817 plures,
737 781 890 809 secundum
918 781 945 810 id

101 827 177 864 quod
198 830 263 855 sunt
284 827 420 856 absolute.

179 874 204 901 02.
227 873 294 901 Item
307 896 313 908 ,
335 874 397 902 idea
411 877 453 902 est
466 873 628 902 similitudo
644 874 807 911 exprimens
822 874 945 902 ideatum

100 920 254 949 secundum
276 922 378 955 totum;
400 921 447 949 sed
467 929 661 958 quaecumque
683 921 731 949 uni
753 925 779 949 et
800 921 889 950 eidem
907 929 946 950 se-

99 967 223 995 cundum
245 970 333 995 totum
357 970 422 996 sunt
443 967 562 1002 similia,
577 967 655 996 nullo
677 968 760 996 modo
775 968 809 997 ad
826 968 944 997 invicem

99 1013 267 1042 differunw:
288 1022 355 1051 ergo
370 1015 391 1043 si
407 1014 469 1043 idea
490 1015 629 1049 omnium,
651 1015 807 1044 secundum
826 1016 853 1044 id
869 1015 944 1052 quod

97 1064 148 1095 est,
170 1064 243 1089 esset
263 1069 332 1092 una,
354 1065 421 1090 tunc
442 1061 535 1090 onmia
556 1066 648 1090 essent
670 1062 864 1090 indifferentia.

178 1107 204 1136 3.
227 1108 309 1143 Item,
331 1108 353 1136 si
376 1108 438 1137 idea
459 1111 501 1137 est
515 1117 609 1136 tonum
630 1108 714 1146 quid,
731 1112 779 1137 aut
795 1117 850 1137 una
872 1117 945 1137 eom-

98 1154 214 1188 munis,
236 1158 285 1183 aut
306 1163 362 1183 una
380 1155 508 1192 propria.
537 1155 701 1184 similitudo:
734 1155 755 1184 si
786 1164 841 1183 una
872 1164 945 1184 eom.-

97 1201 210 1230 muuis:
233 1209 300 1239 ergo
314 1209 365 1239 per
380 1202 469 1239 ipsam
485 1210 628 1239 uunquam
655 1210 700 1231 res
715 1202 944 1239 distinguuntur3

99 1248 120 1276 si
144 1256 199 1276 una
227 1248 369 1285 propria:
396 1256 462 1285 ergo
491 1256 540 1285 per
568 1249 657 1286 ipsam
686 1257 830 1286 nunquam
861 1250 943 1286 plura

98 1298 312 1331 cognoscuntur.
342 1315 345 1317 —

176 1341 202 1369 [ι.
224 1341 306 1375 Item,
336 1341 356 1370 si
389 1341 451 1369 idea
481 1344 522 1370 est
551 1341 629 1369 ratio
658 1342 865 1379 cognoscens&
894 1342 942 1371 sed

96 1388 318 1425 unumquodque
330 1396 497 1425 cognoscens
509 1389 648 1425 cognoscit
663 1389 816 1417 secundum
834 1389 944 1426 exigen-

97 1434 164 1462 tiam
187 1434 301 1463 rationis
323 1435 524 1471 cognoscendi:
554 1443 620 1472 ergo
647 1436 757 1464 si⁴idea
786 1439 827 1464 est
854 1443 943 1464 unum

98 1481 184 1518 quid,
207 1489 270 1510 cuni
293 1482 320 1509 in
342 1490 398 1510 uno
420 1490 474 1510 non
496 1482 577 1511 cadat
599 1482 754 1517 distinctio,
783 1483 858 1511 Deus
889 1490 943 1511 non

98 1529 238 1565 cognoscit
258 1536 303 1557 res
326 1528 470 1563 distincte,
494 1529 542 1558 sed
564 1529 731 1558 indistincte.

176 1575 303 1605 Couraa:
323 1577 346 1604 l.
359 1576 529 1613 Augustinus
545 1580 624 1605 sexto
639 1577 673 1605 de
692 1577 856 1606 Trinitate³z
878 1589 891 1603 «
903 1578 943 1605 Fi-

98 1623 152 1652 lius
166 1626 208 1652 est
222 1631 268 1651 ars
284 1623 421 1660 quaedam
437 1624 634 1660 omnipotentis
656 1624 703 1652 Dei
720 1624 802 1660 plena
816 1624 941 1653 omnium

97 1671 235 1699 rationum
258 1669 430 1703 viventium.
452 1673 478 1699 et
500 1670 593 1698 onmia
608 1670 634 1698 in
650 1670 710 1707 ipso
729 1678 817 1699 unum
838 1674 940 1700 sunt».

175 1718 201 1745 Ξ,
222 1717 305 1751 Item,
328 1717 402 1754 quod
418 1717 567 1754 perfectius
585 1721 627 1746 est
647 1718 703 1746 Deo
726 1721 767 1746 est
791 1718 943 1747 attribuen—

97 1764 180 1798 dum:
202 1764 249 1792 secl
273 1763 422 1800 perfectius
444 1767 485 1792 est
508 1772 562 1792 uno
583 1772 664 1801 posse
679 1772 844 1801 cognoscere
859 1765 941 1801 plura

97 1814 124 1839 et
144 1810 252 1847 operari
275 1818 359 1847 quam
382 1810 544 1847 pluribus⁴:
568 1819 634 1847 ergo
656 1811 712 1839 Deo
735 1815 776 1840 est
790 1811 942 1841 attribuen-

97 1857 180 1885 dum:
202 1864 269 1893 ergo
290 1857 364 1886 Deus
386 1866 441 1886 una
463 1857 525 1886 idea
547 1858 638 1885 omnia
665 1858 812 1894 cognoscit.

177 1904 202 1932 3.
224 1904 307 1937 Item.
331 1904 357 1932 in
380 1905 454 1932 omni
477 1912 578 1941 genere
600 1912 700 1933 causae
720 1908 816 1932 status
843 1907 885 1933 est
913 1905 940 1933 in

97 1960 153 1980 uno
175 1951 308 1988 simplici,
330 1955 425 1988 utpote
448 1952 472 1979 in
495 1959 596 1988 genere
617 1951 761 1980 efficientis
787 1955 813 1980 et
839 1952 939 1981 finis5:

97 2006 163 2035 ergo
184 2006 247 2026 cum
271 1998 345 2026 Deus
368 1998 402 2026 sit
423 1998 577 2035 exemplar,
600 1998 625 2025 in
649 2006 704 2034 quo
726 2002 767 2026 est
782 1999 941 2027 omnimode

96 2046 199 2078 status,
222 2047 263 2072 est
285 2052 351 2080 ergo
372 2043 400 2071 in
421 2044 477 2072 Deo
500 2052 610 2072 sumnia
638 2045 739 2073 unitas.
768 2045 820 2073 Sed
849 2053 941 2073 exem-

96 2090 166 2127 plar,
188 2091 262 2127 quod
285 2090 406 2119 continet
429 2090 531 2125 multa,
557 2099 611 2118 uon
640 2094 682 2119 est
710 2091 823 2119 omniuo
852 2100 940 2120 unum

96 2140 123 2166 et
144 2137 279 2174 simplex:
303 2145 368 2174 ergo
391 2138 417 2165 in
439 2137 533 2166 divino
554 2137 710 2174 exemplari
741 2146 795 2166 non
820 2142 872 2167 est.
888 2138 940 2167 nisi

96 2192 152 2213 una
174 2185 234 2213 idea
256 2184 409 2213 secundum
433 2192 501 2213 rem.

1324 558 1537 580 CONCLUSIO.

1096 642 1181 670 Islcac
1202 643 1233 671 in
1255 643 1313 671 Deo
1333 647 1403 671 siml
1424 644 1489 681 ipsa
1512 645 1613 674 divina
1635 647 1760 681 veritas,

1120 692 1145 717 et
1167 689 1229 718 ideo
1249 691 1410 719 secundum
1431 700 1494 719 rem
1516 696 1557 720 est
1577 702 1639 721 uita
1661 694 1735 722 idea.

1082 782 1257 812 Rasrouneo:
1280 784 1318 812 Ad
1341 784 1550 822 intelligentiam
1574 787 1781 823 praedictorum
1807 792 1847 818 est

1002 829 1171 864 notandum,
1194 831 1268 867 quod
1290 831 1335 860 hic
1357 832 1408 860 fuit
1430 833 1534 869 duplex
1559 834 1658 870 opinio.

1079 876 1198 912 Quidam
1220 878 1295 906 enim
1317 878 1467 913 dixerunt,
1490 880 1564 916 quod
1588 881 1666 909 ideae
1688 881 1714 909 in
1737 882 1793 911 Deo
1809 890 1961 913 se-oninio1.

1002 922 1125 951 cundum
1149 932 1207 952 rem
1230 924 1334 953 habent
1355 926 1568 955 distinctionem.
1591 927 1730 956 Dixerunt
1755 929 1848 964 enim,

999 969 1074 1006 quod
1103 973 1144 998 est
1175 972 1353 1001 considerare
1385 973 1596 1002 universitatem
1629 975 1783 1004 formarum
1820 977 1847 1004 in

1002 1016 1072 1049 Deo,
1096 1017 1121 1044 in
1143 1017 1247 1045 [mima
1268 1022 1295 1046 et
1316 1019 1343 1047 in
1365 1020 1474 1048 mundo
1496 1021 1555 1049 sive
1577 1021 1602 1049 in
1626 1022 1751 1051 materia.
1769 1023 1799 1051 Et
1821 1023 1848 1051 in

999 1063 1126 1092 maceria
1148 1064 1206 1092 sive
1228 1065 1255 1092 in
1277 1066 1409 1095 universo
1425 1067 1529 1096 liabent
1541 1068 1763 1104 distinctionem,
1779 1078 1850 1098 com-

1000 1111 1163 1147 positionem
1185 1114 1212 1140 et
1234 1113 1451 1149 oppositionem,
1474 1114 1539 1150 quia
1560 1118 1625 1143 sunt
1651 1116 1687 1144 ibi
1720 1116 1850 1145 materia-

1001 1158 1071 1186 liter.
1089 1158 1116 1186 1η
1132 1158 1235 1186 anana
1252 1167 1318 1188 vero
1333 1160 1457 1188 humana
1473 1161 1575 1190 liabent
1595 1162 1798 1192 distinctionem
1822 1167 1849 1192 et

1001 1204 1242 1240 compositionem,
1265 1205 1314 1234 sed
1329 1214 1383 1234 ηοη
1400 1206 1503 1235 liabent
1518 1209 1733 1245 oppositionem.
1745 1213 1772 1238 et
1787 1210 1848 1244 hoc.

1000 1250 1065 1286 quia
1087 1254 1151 1278 sunt
1172 1251 1265 1288 aliquo
1292 1252 1373 1280 modo
1399 1252 1590 1289 spiritualiter,
1606 1263 1660 1283 non
1682 1259 1773 1284 tamen
1793 1264 1849 1284 om—

1000 1297 1080 1329 nino.
1101 1298 1167 1334 quia
1189 1301 1254 1326 sunt
1274 1306 1291 1326 a
1311 1299 1397 1327 rebus
1419 1300 1539 1331 extra⁶;
1563 1301 1624 1329 ideo
1645 1306 1687 1330 est
1715 1304 1849 1340 composi-

1000 1344 1049 1372 tio:
1072 1344 1204 1373 differunt
1226 1345 1299 1373 enim
1322 1346 1357 1374 ab
1378 1346 1478 1375 anima.
1502 1348 1529 1375 In
1553 1348 1611 1376 Deo
1633 1348 1736 1378 liabent
1754 1350 1849 1378 distin-

1000 1391 1131 1426 ctionem,
1154 1392 1202 1420 sed
1224 1400 1278 1420 non
1301 1393 1545 1429 compositionem,
1568 1402 1619 1423 nee
1644 1396 1846 1432 oppositionem

971 1466 972 1473 ἵ
999 1441 1113 1475 propter
1136 1446 1274 1467 summam
1299 1439 1513 1476 simplicitatem.
1539 1441 1567 1469 Et
1589 1442 1718 1478 quamvis
1744 1443 1770 1470 in
1792 1443 1849 1472 Deo

1000 1484 1054 1513 sint
1075 1485 1235 1519 distinctae⁷
1259 1489 1323 1514 sunt
1355 1489 1447 1515 tamen
1480 1495 1568 1515 unum
1595 1489 1748 1525 exemplar,
1777 1490 1849 1518 sicut

999 1531 1095 1567 plures
1117 1532 1222 1560 formae
1244 1533 1429 1569 particulares
1452 1534 1478 1562 in
1506 1534 1596 1570 sigillo
1625 1535 1729 1563 faciunt
1757 1544 1845 1564 unum

999 1578 1130 1614 sigillum.
1152 1596 1190 1599 —
1210 1579 1262 1608 Sed
1285 1580 1337 1608 ista
1359 1580 1467 1617 positio,
1496 1581 1625 1618 quamvis
1646 1582 1674 1609 in
1697 1582 1738 1610 sui
1768 1582 1845 1611 initio
1862 1587 1985 1610 hnrrobatur·

998 1624 1127 1653 videatur
1147 1625 1316 1662 probabilis,
1340 1627 1366 1654 1η
1389 1626 1443 1655 fine
1466 1631 1556 1656 tamen
1571 1628 1692 1656 continet
1710 1635 1843 1657 errorem.

998 1671 1064 1699 Nam
1088 1672 1109 1700 si
1132 1672 1159 1700 iu
1181 1672 1237 1701 Deo
1258 1676 1331 1701 esset
1352 1682 1455 1710 ponere
1476 1674 1553 1703 ideas
1575 1675 1687 1704 realiter
1719 1676 1846 1705 differen-

999 1722 1038 1747 tes
1060 1720 1118 1747 sive
1140 1719 1296 1755 diStiiictas‚
1319 1723 1384 1749 tunc
1406 1724 1478 1750 esset
1500 1721 1536 1750 ibi
1553 1722 1607 1750 alia
1622 1722 1769 1759 pluralitas
1788 1731 1846 1752 rea-

998 1766 1049 1800 lis,
1071 1774 1155 1803 quam
1178 1767 1213 1795 sit
1234 1767 1381 1805 pluralitas
1403 1768 1574 1805 personalis;
1596 1769 1671 1805 quod
1692 1769 1846 1798 abhorrent

968 1844 970 1852 Ι
997 1820 1080 1841 aures
1102 1813 1173 1849 piae.
1205 1813 1239 1841 Si
1259 1814 1355 1848 fliete-5,
1388 1815 1463 1851 quod
1495 1823 1549 1843 non
1582 1819 1623 1844 est
1654 1816 1844 1853 pluralitatem

997 1859 1102 1888 aliam⁷
1132 1860 1289 1889 absolutam
1319 1869 1435 1898 ponere.
1467 1862 1515 1891 sed
1547 1864 1747 1900 respectivam;
1779 1867 1845 1893 tunc

968 1929 969 1935 ,
997 1915 1107 1943 quaero
1122 1907 1156 1935 de
1179 1907 1225 1934 illo
1248 1911 1391 1944 respectu:
1414 1911 1463 1937 aut
1484 1912 1526 1937 est
1547 1909 1677 1947 aliquid,
1694 1914 1742 1938 aut
1756 1910 1843 1938 nillil:

998 1953 1018 1981 si
1040 1952 1130 1986 nihil.
1152 1953 1229 1981 nulla
1251 1956 1293 1982 est
1315 1954 1352 1982 ibi
1374 1955 1457 1983 realis
1480 1955 1632 1990 distinctim
1661 1957 1682 1985 si
1709 1957 1844 1995 aliqu-id,

997 2007 1050 2027 non
1073 2002 1114 2028 est
1136 1999 1203 2028 dare
1223 2000 1275 2028 nisi
1297 2001 1420 2029 divinam
1442 2002 1607 2036 essentiam3
1623 2003 1670 2031 sed
1693 2003 1786 2031 omnia
1805 2011 1845 2032 es-

997 2046 1123 2074 sentialia
1146 2047 1172 2074 in
1194 2046 1250 2075 Deo
1273 2055 1362 2075 unum
1384 2051 1457 2076 sunt.

1078 2093 1107 2121 Et
1129 2093 1191 2121 ideo
1213 2097 1254 2122 est
1275 2094 1329 2122 alia
1350 2095 1465 2131 positio,
1488 2096 1562 2132 quod
1579 2096 1657 2125 ideae
1672 2100 1737 2125 sunt
1755 2101 1985 2143 unumsfflffiffiaau-

998 2140 1152 2168 secundum
1175 2149 1243 2169 rem.
1269 2142 1298 2170 Et
1319 2142 1372 2170 hoc
1394 2146 1469 2179 patet
1490 2143 1543 2171 sic:
1567 2143 1628 2172 idea
1650 2144 1677 2171 in
1700 2144 1757 2172 Deo
1778 2144 1844 2173 dicit

997 2186 1236 2221 sini-ilicitdz'uem,
1259 2196 1330 2224 quae
1352 2191 1393 2217 est
1414 2188 1484 2217 ratio
1506 2190 1704 2226 cognoscendi3
1726 2191 1771 2219 illa
1798 2199 1845 2219 au-

160 2398 167 2412 ¹
187 2398 243 2421 Vide
261 2405 331 2426 supra
348 2405 402 2427 pag.
420 2399 471 2427 602,
484 2399 589 2421 Scholion
602 2405 623 2421 n.
637 2400 649 2421 l.
667 2411 699 2415 —
716 2400 768 2423 Post
779 2401 851 2424 verba
863 2403 941 2430 Augu-

99 2439 151 2461 stini
171 2440 236 2461 citata
253 2439 317 2466 Vnt,
335 2439 449 2461 interiecta
467 2439 577 2466 particula
595 2439 642 2467 scd,
657 2440 689 2461 sic
701 2441 859 2469 prosequitur:
871 2440 912 2464 sed
922 2440 943 2464 si

97 2477 190 2506 formae
200 2478 258 2500 sunt
265 2477 362 2507 plures:
375 2478 397 2500 et
411 2483 465 2500 cum
482 2481 523 2500 etc.

159 2516 168 2530 ²
186 2516 230 2539 Csr.
248 2523 318 2544 supra
336 2523 389 2545 pag.
408 2516 463 2545 546,
482 2520 533 2539 nota
552 2518 572 2539 2.
589 2517 680 2539 —Hoc
692 2522 855 2546 argumentum
873 2520 941 2541 etiam

98 2556 130 2578 sic
146 2556 239 2578 formari
256 2558 346 2584 potest:
364 2562 423 2584 quae
442 2558 494 2578 sunt
512 2556 592 2578 similia
614 2557 653 2578 uni
678 2558 755 2586 tertio,
773 2559 831 2580 inter
848 2565 872 2581 se
889 2561 942 2581 sunt

98 2595 191 2623 similia;
208 2595 249 2617 sed
267 2597 340 2617 creata
359 2595 434 2617 omnia
452 2598 615 2623 supponuntur
631 2597 711 2619 similia
730 2598 768 2619 uni
786 2597 864 2620 ideae:
885 2604 941 2626 ergo

98 2636 151 2655 suut
166 2634 224 2656 inter
240 2639 265 2655 se
282 2634 375 2661 similia;
400 2634 442 2656 sed
464 2640 607 2663 consequens
624 2638 657 2658 est
675 2635 771 2658 salsum:
793 2642 849 2664 ergo
867 2639 889 2659 ct
905 2643 941 2658 an-

98 2671 211 2694 tecedens.
320 2690 322 2694 .

160 2710 169 2724 ³
187 2710 241 2739 Cap.
262 2712 297 2733 lo.
316 2718 336 2733 η.
360 2712 391 2733 11.

161 2748 169 2763 ⁴
187 2748 231 2771 Cir.
257 2750 354 2777 Aristot.‚
380 2750 403 2772 11.
429 2750 458 2772 de
483 2750 550 2773 Caelo
577 2753 599 2773 et
624 2751 721 2779 Mundo⁷
750 2755 802 2774 text.
821 2752 857 2775 63.
876 2759 940 2781 seqq.

100 2789 128 2816 (c.
147 2790 201 2817 iz),
223 2788 263 2811 ubi
281 2789 419 2817 ostenditur,
437 2789 491 2811 illud
509 2790 572 2818 quod
590 2791 739 2818 paucioribus
756 2791 883 2814 actionibus
900 2791 941 2814 bo-

99 2828 190 2850 nitatem
217 2828 347 2856 participat,
374 2828 472 2850 nobilius
489 2834 538 2850 esse
565 2835 635 2857 quam
661 2829 723 2858 quod
741 2830 853 2857 pluribus.
870 2843 900 2847 —-
917 2831 940 2853 1η

99 2865 143 2887 tine
160 2867 227 2888 huius
248 2866 381 2889 obiectionis
406 2870 456 2889 ante
474 2867 591 2896 comitiaci!
608 2868 657 2890 Vat.
676 2874 729 2890 cum
747 2869 797 2891 cod.
816 2875 841 2891 cc
858 2870 940 2891 omittit

100 2904 193 2932 omniu,
213 2905 275 2933 quod
292 2906 314 2927 in
332 2906 441 2928 omnibus
458 2906 525 2928 codd.
543 2909 564 2928 ot
580 2906 617 2928 cd.
639 2907 643 2928 1
666 2910 743 2929 exstat.

1060 2403 1069 2417 5
1087 2403 1109 2424 ln
1127 2403 1194 2425 codd.
1213 2402 1256 2425 LO
1274 2403 1407 2431 adiungitur
1424 2405 1446 2426 et
1462 2403 1582 2427 materiae.
1600 2417 1631 2421 -
1648 2404 1692 2427 Ct'r.
1710 2406 1807 2433 Aristot.,
1821 2406 1843 2427 ll.

999 2442 1027 2463 de
1044 2441 1111 2464 Cat-lo
1136 2444 1157 2464 et
1183 2442 1280 2470 Mundo,
1306 2445 1357 2464 text.
1384 2443 1420 2464 22.
1451 2442 1478 2471 (c.
1498 2442 1536 2471 4.),
1559 2446 1580 2465 ct
1598 2444 1619 2465 ll.
1638 2444 1734 2471 Metapa.
1753 2446 1804 2466 text.
1822 2444 1843 2466 5.

999 2480 1022 2507 (1.
1040 2480 1134 2503 brevior
1151 2487 1170 2503 (κ
1189 2481 1227 2509 2.).

1060 2520 1069 2534 ⁶
1087 2519 1131 2542 Ct'r.
1149 2520 1257 2548 August,
1284 2520 1320 2542 Xl.
1339 2521 1368 2542 de
1387 2521 1449 2543 Trin.
1472 2528 1491 2543 c.
1515 2521 1535 2543 5.
1560 2528 1580 2543 n.
1607 2522 1628 2543 9.
1645 2533 1676 2538 —
1695 2522 1781 2545 Sensus
1798 2526 1843 2545 est:

998 2558 1090 2581 Obiecta
1108 2560 1197 2587 cognita
1216 2559 1301 2581 habent
1317 2560 1338 2581 in
1357 2560 1433 2581 anima
1450 2566 1500 2582 esse
1518 2561 1641 2589 spirituale,
1659 2562 1711 2590 quia
1730 2561 1844 2590 quidquid

998 2598 1116 2625 recipitur,
1135 2598 1244 2625 recipitur
1261 2604 1303 2625 per
1320 2597 1416 2620 modum
1434 2599 1576 2626 recipientis;
1595 2605 1639 2621 non
1657 2601 1732 2621 tamen
1750 2600 1843 2622 omnino

998 2637 1127 2664 spirituale,
1146 2637 1197 2664 quia
1216 2639 1269 2658 sunt
1286 2638 1374 2664 species
1392 2643 1403 2659 a
1422 2638 1578 2660 materialibus
1596 2638 1665 2660 rebus
1683 2641 1796 2666 acceptae.
1813 2651 1844 2655 —

999 2676 1067 2698 Paulo
1086 2676 1192 2703 superius
1209 2675 1288 2698 verbis
1305 2675 1385 2705 aliquo
1402 2676 1472 2699 modo
1490 2677 1537 2699 sola
1556 2677 1606 2699 Vat.
1625 2683 1669 2699 non
1687 2677 1746 2699 malc
1764 2677 1843 2705 praefi-

998 2716 1029 2743 git
1047 2714 1084 2737 ibi.
1103 2715 1157 2736 Dein
1176 2718 1227 2742 post
1245 2714 1295 2737 ideo
1312 2716 1346 2738 est
1362 2716 1429 2738 codd.
1448 2716 1489 2738 LO
1507 2717 1539 2738 sic
1556 2719 1743 2745 prosequuntur:
1760 2715 1792 2739 z'bi
1811 2716 1842 2739 ἀί-

997 2754 1105 2783 stinctio,-
1122 2754 1177 2784 quia
1190 2760 1244 2777 vero
1256 2754 1324 2777 aliud
1334 2754 1363 2777 ab
1380 2754 1475 2783 anima,
1495 2755 1544 2778 ideo
1562 2756 1597 2778 est
1612 2754 1644 2778 ibi
1660 2755 1801 2785 compositio.
1815 2756 1840 2778 Iu

1000 2794 1045 2817 Deo
1062 2800 1117 2816 rvero
1135 2792 1221 2816 habent
1237 2796 1279 2816 etc.

1061 2831 1068 2843 ⁷
1087 2833 1108 2854 1η
1126 2833 1176 2855 Vat.
1194 2835 1215 2855 et
1233 2832 1284 2854 cod.
1302 2839 1328 2855 cc
1346 2833 1409 2855 deest
1425 2833 1516 2861 alium;
1534 2839 1577 2855 non
1604 2833 1674 2861 bene⁷
1697 2834 1749 2862 quia
1768 2834 1842 2856 desen-

997 2878 1061 2893 sorcs
1079 2872 1138 2893 illius
1155 2872 1269 2899 opinionis
1286 2871 1360 2894 aliam
1382 2872 1476 2900 quidem
1502 2872 1653 2899 pluralitatem
1678 2875 1778 2900 ponunt,
1797 2879 1840 2895 non

997 2913 1072 2933 tamen
1089 2909 1229 2933 absolutam.
