2215 3404
827 151 1013 180 DlSTlNCTlO
1034 152 1085 179 XL.

452 230 518 257 Due.
541 231 571 258 V.

170 331 237 359 Item
258 330 404 367 quaeritur
425 330 459 358 de
480 330 531 358 hoc
553 330 628 367 quod
657 330 733 358 dicit:
765 328 822 357 Nec
839 332 932 365 potest

93 377 204 405 nouiter
225 376 268 404 vel
287 384 321 404 em
344 381 469 412 tempore
488 376 556 404 velle
577 376 701 413 aliquid,
723 378 749 403 et
769 379 866 403 tamen
885 383 932 411 po-

75 426 146 458 ‚test
164 422 232 450 velle
252 422 329 460 quod
349 430 503 459 nimquam
522 421 622 450 voluit.
653 422 769 450 Videtur
791 421 865 450 enim
886 421 932 449 hic

2 710 72 729 tinctio.

10 1869 83 1911 aas*

0 3133 11 3241 ἠώς-,Α
4 3064 9 3123 ω’.
8 3007 9 3015 a

93 470 185 499 dicere
216 470 272 498 duo
302 469 515 497 contradictorie
545 468 687 505 opposita,
707 469 838 505 quoniam
860 468 931 496 illud

93 520 135 545 est
155 524 275 550 novum,
296 516 370 552 quod
392 515 471 552 prius
492 523 547 543 non
568 515 620 543 fuit
641 518 668 544 θῖ
682 515 765 543 modo
786 517 842 543 est:
865 523 931 551 ergo

94 562 115 591 si
136 565 228 599 posset
249 562 320 590 velle
341 561 415 598 quod
436 561 516 598 prius
537 569 591 589 non
607 561 709 595 voluit,
731 561 841 589 videtur
856 560 930 597 quod

93 608 205 645 incipiat
225 608 303 637 velle.

171 655 349 683 RESPONDEO:
371 655 544 689 Dicendum,
566 654 640 691 quod
665 662 728 682 cum
751 653 827 687 dico,
842 654 930 682 Deum

94 701 165 729 velle
186 701 238 730 hoc
250 702 269 735 ¹,
291 702 347 729 duo
368 701 444 729 dico:
467 704 493 729 et
514 704 606 729 actum
636 700 747 729 divinae
772 700 931 734 voluntatis,

92 750 120 776 et
139 747 258 776 ulterius
289 747 491 776 ordinationem
520 748 608 784 ipsius
638 747 752 776 effectus
784 746 819 774 ad
851 746 930 774 illum

90 797 192 823 actum.
215 794 245 822 Et
266 795 389 831 primum
411 793 524 830 quidem
546 796 588 821 est
606 793 792 822 necessarium
815 795 842 821 et
863 800 932 820 sem-

90 849 162 878 per,
194 849 244 870 nec
276 843 364 877 potest
395 841 517 877 incipere
546 848 596 869 nec
628 839 764 868 desinere.
797 839 931 868 Voluntas

89 888 163 916 enim
185 886 279 916 divina
300 889 341 915 est
363 894 473 923 semper
498 887 525 914 in
557 889 618 914 actu
642 894 705 919 suc,
726 886 764 914 ita
784 886 859 922 quod
881 893 931 914 nec

90 936 180 971 potest
200 933 247 961 illo
269 940 364 961 carere
390 941 439 961 nec
470 932 556 960 alium
578 932 695 965 habere;
716 932 764 960 sed
794 932 931 961 ordinatio

90 980 208 1008 alicuius
239 980 354 1008 effectus
375 979 410 1007 ad
432 979 511 1007 illum
539 981 632 1007 actum
664 982 705 1007 est
732 978 870 1006 ordinatio
892 977 930 1005 rei

90 1026 213 1059 suturae,
228 1033 300 1062 quae
315 1025 439 1053 nondum
461 1027 516 1058 θεῖ,
532 1028 559 1053 θῑ
581 1025 642 1053 ideo
657 1027 747 1061 potest
761 1031 821 1052 esse
836 1027 863 1052 et
877 1032 931 1051 non

90 1080 166 1107 esse,
187 1075 214 1100 et
235 1072 358 1100 ordinari
379 1075 406 1100 et
428 1080 480 1099 non
502 1071 635 1100 ordinari.
668 1071 784 1107 Quando
806 1078 872 1107 ergo
894 1070 932 1098 di-

90 1119 180 1147 citur:
202 1119 276 1147 Deus
298 1121 387 1155 potest
419 1118 489 1146 velle
515 1118 588 1154 quod
616 1125 758 1154 nunquam
781 1117 883 1151 voluit,
905 1120 931 1145 et

90 1168 181 1193 tamen
203 1173 257 1193 non
278 1173 314 1193 ex
335 1167 460 1201 tempore
466 1176 473 1198 3
488 1164 645 1193 intellectus
659 1167 713 1198 est,
728 1164 802 1201 quod
817 1163 932 1192 effectus

91 1211 136 1239 ille
158 1211 246 1247 potuit
268 1211 390 1239 ordinari
422 1211 457 1239 ad
490 1211 615 1239 divinum
638 1210 709 1239 velle
717 1221 724 1244 3
753 1213 780 1238 et
800 1210 931 1247 quoniam

90 1258 228 1286 ordinatio
250 1258 364 1286 effectus
386 1261 427 1286 est
448 1257 586 1286 ordinatio
608 1258 645 1286 rei
662 1257 788 1289 futurae,
809 1260 835 1285 et
857 1257 930 1294 quod

91 1305 176 1333 semel
197 1307 238 1333 est
266 1305 394 1333 futurum
427 1312 537 1341 semper
568 1304 619 1332 suit
640 1304 783 1336 futurum,
806 1307 832 1332 et
857 1304 930 1340 quod

91 1351 175 1387 semel
204 1351 266 1380 θεῖ2
298 1351 457 1379 ordinatum
487 1358 596 1387 semper
629 1351 680 1378 fuit
710 1351 868 1379 ordinatum
896 1351 931 1378 ad

1771 154 1825 181 699

988 228 1073 256 illam.
1095 229 1212 264 Quando
1233 237 1299 265 ergo
1320 229 1431 263 dicitur‚
1453 228 1528 265 quod
1549 229 1624 257 Deus
1645 232 1735 266 potest
1756 229 1827 258 velle

988 274 1109 311 aliquid,
1130 274 1204 303 idem
1226 278 1268 303 est
1293 275 1404 309 dicere,
1426 275 1500 311 quod
1529 275 1635 311 aliquid
1656 275 1746 312 potuit
1766 283 1827 304 esse

987 321 1115 349 futurum
1137 321 1194 349 sive
1216 321 1320 350 habere
1348 322 1475 350 ordinem
1496 322 1529 349 ad
1559 322 1681 350 divinam
1704 322 1828 350 volunta-

988 370 1059 402 tem,
1081 368 1156 404 quod
1178 371 1269 396 tamen
1291 376 1345 396 non
1367 369 1450 397 habet
1481 369 1605 397 ordinem
1620 369 1645 403 ³3
1667 369 1715 397 sed
1738 370 1760 397 si
1782 369 1828 397 ha-

988 414 1081 448 beret,
1102 414 1137 442 ab
1158 417 1272 443 aeterno
1294 415 1447 443 habuisset.
1470 418 1497 443 et
1518 415 1579 443 ideo
1601 423 1654 443 non
1676 415 1770 452 incipit
1791 423 1827 443 ex

988 463 1121 496 tempore.
1144 460 1174 488 Et
1196 460 1256 489 ideo
1277 461 1439 497 exemplum
1462 461 1584 497 Magistri
1605 461 1708 489 bonum
1731 465 1783 496 est,
1804 462 1826 490 si

988 506 1059 535 velle
1081 506 1128 535 Dei
1160 507 1291 544 importat
1322 507 1448 536 ordinem
1477 507 1512 536 ad
1534 508 1650 536 volitum
1672 508 1699 536 in
1721 508 1828 536 ratione

986 551 1087 589 futuri
1093 563 1103 587 ,·
1124 553 1173 581 sed
1205 554 1359 582 secundum
1390 554 1465 590 quod
1491 554 1623 590 importat
1647 554 1828 583 concomitan-

989 599 1053 627 tiam
1076 600 1103 627 in
1124 599 1230 627 ratione
1247 599 1422 635 praesentis,
1438 602 1527 635 potest
1547 600 1622 628 Deus
1644 608 1680 628 ex
1702 604 1827 637 tempore

988 645 1059 673 velte
1081 646 1131 673 lioc
1153 653 1228 679 esse,
1244 645 1301 673 sive
1316 645 1368 674 hoc
1383 646 1538 682 approbare
1560 646 1651 680 hodie,
1675 654 1727 674 non
1742 647 1825 683 quia⁴

988 691 1100 728 incipiat
1119 695 1212 725 actus‚
1234 691 1281 720 sed
1304 692 1370 728 quia
1391 691 1503 728 incipiat
1523 695 1709 720 connotatum.

1343 792 1409 820 DUB.
1431 793 1473 820 Vl.

1066 885 1131 913 ltein
1154 884 1299 921 quaeritur
1321 884 1355 913 de
1377 885 1428 913 hoc
1450 885 1524 921 quod
1556 885 1635 920 dicit,
1666 886 1740 922 quod
1771 894 1829 922 spe-

988 931 1090 959 cialem
1112 939 1218 959 curam
1240 930 1323 959 habet
1344 931 1378 959 cle
1399 931 1611 964 ›·atz'onalibzts;
1632 932 1697 968 quia
1717 932 1828 960 videtui·

988 985 1047 1006 esse
1073 981 1169 1006 contra
1193 977 1263 1006 illud
1295 978 1370 1014 quod
1401 978 1504 1006 dicitur
1536 978 1691 1014 Sapientiae
1711 979 1825 1007 sext0⁵z

989 1024 1127 1062 Aequalis
1149 1028 1189 1052 est
1210 1024 1254 1052 illi
1274 1032 1350 1052 cura
1371 1024 1405 1052 cle
1425 1024 1566 1052 omnibus.

1066 1072 1241 1100 Rnsrounno:
1274 1071 1444 1106 Dicendum,
1476 1072 1550 1108 quod
1582 1072 1742 1109 aequaliter
1774 1081 1828 1100 non

988 1119 1079 1154 privat
1099 1118 1136 1146 ibi
1158 1118 1285 1146 ordinem
1306 1118 1416 1146 divinae
1436 1118 1652 1150 distributionis.
1668 1119 1714 1147 sed
1738 1119 1830 1155 privat

987 1165 1175 1201 acceptionem
1203 1172 1346 1201 personae.
1380 1165 1409 1192 Et
1441 1165 1574 1193 omnibus
1603 1165 1766 1193 distribuit⁶
1792 1166 1828 1193 ibi

989 1214 1095 1240 tantum
1117 1219 1168 1247 pro
1189 1210 1361 1241 hominibus.
1377 1214 1468 1239 tamen
1485 1220 1536 1248 pro
1551 1213 1658 1248 magnis
1679 1215 1706 1240 et
1726 1212 1830 1248 parvis,

989 1257 1160 1294 pauperibus
1181 1260 1207 1285 et
1228 1257 1377 1291 divitibus;
1399 1261 1425 1286 et
1446 1258 1484 1286 sic
1499 1261 1540 1286 est
1555 1258 1577 1287 ei
1594 1258 1747 1295 aequaliter
1762 1266 1830 1286 cura

989 1304 1023 1332 de
1045 1303 1190 1337 omnibus,
1218 1303 1282 1339 quia
1313 1303 1349 1331 ita
1381 1304 1440 1331 vult
1461 1304 1579 1333 salutem
1601 1312 1775 1341 pauperum.
1798 1307 1829 1332 ut

989 1350 1118 1378 divitum.

759 1583 1046 1619 DISTINCTIO
1081 1583 1161 1618 XL.

163 1817 371 1843 Praedestinatio
384 1817 391 1829 ¹
407 1824 470 1843 vero
490 1817 523 1843 de
537 1817 615 1843 bonis
633 1817 795 1843 salutaribus
809 1821 847 1843 est
862 1820 887 1843 et
900 1817 933 1843 de

94 1859 246 1886 hominibus
265 1859 407 1886 salvandis.
421 1859 455 1885 Ut
468 1860 538 1886 enim
552 1860 588 1886 ait
602 1860 764 1893 Augustinus
778 1860 804 1885 iii
818 1859 886 1886 libro
900 1859 932 1886 de

93 1902 336 1929 Praedestinatione
352 1902 510 1928 Sanctorum
522 1902 540 1933 ²,
565 1914 575 1924 «
589 1902 796 1936 praedestinatio
816 1905 856 1928 est
874 1909 933 1936 gra-

95 1945 146 1971 tiae
164 1945 349 1979 praeparatio,
369 1952 437 1979 quae
457 1945 513 1971 sine
533 1945 710 1978 praescientia
731 1952 788 1971 esse
815 1952 865 1970 non
885 1952 933 1978 po-

94 1990 151 2014 test.
173 1988 262 2014 Potest
280 1990 368 2014 autem
388 1988 444 2014 sine
457 1987 700 2021 praedestinatione
713 1994 770 2014 esse
783 1988 933 2021 praescien-

94 2030 137 2056 tia.
157 2030 400 2056 praedestinatione
420 2030 521 2064 quippe
541 2030 611 2056 Deus
630 2037 662 2056 ea
680 2030 838 2064 praescivit,
863 2037 932 2064 quae

92 2072 177 2099 fuerat
196 2072 253 2106 ipse
272 2072 407 2104 sacturus3
427 2072 474 2099 sed
494 2073 638 2106 praescivit
661 2073 731 2099 Deus
757 2073 837 2099 etiam
863 2080 932 2107 quae

91 2122 142 2140 non
163 2118 232 2142 esset
251 2115 309 2149 ipse
329 2115 462 2147 facturus,
483 2115 508 2140 id
529 2118 567 2141 est
587 2115 674 2141 omnia
695 2115 799 2141 mala».
820 2115 932 2141 Praede-

91 2157 199 2183 stipavit
218 2164 263 2184 eos
282 2165 349 2191 quos
369 2157 461 2190 elegit,
481 2157 599 2192 reliquos
620 2164 682 2183 vcro
710 2157 876 2191 reprobavit,
905 2157 931 2183 id

92 2202 144 2232 est,
165 2200 197 2227 ad
219 2203 330 2226 mortem
350 2203 485 2226 aeternam
505 2200 649 2234 praescivit
668 2203 836 2234 peccaturos

1358 1817 1418 1843 Car.
1438 1817 1455 1843 Ι.

1074 1903 1120 1928 An
1139 1901 1240 1939 aliquis
1257 1901 1475 1936 praedestinatus
1491 1902 1576 1936 possit
1595 1902 1743 1933 damnari,

1248 1944 1289 1970 vel
1306 1943 1437 1978 reprobus
1456 1944 1568 1971 salvari.

1059 2030 1319 2056 Praedestinatorum
1345 2030 1433 2056 nullus
1463 2030 1567 2056 videtur
1591 2037 1669 2064 posse
1695 2030 1828 2062 damnari,

989 2080 1037 2099 nec
1056 2073 1234 2107 reproborum
1248 2073 1344 2107 aliquis
1363 2080 1442 2106 posse
1455 2073 1562 2099 salvari.
1576 2073 1651 2099 Unde
1666 2073 1829 2107 Augustinus
1838 2082 1959 2104 Augustinus.

990 2115 1016 2141 in
1035 2115 1103 2141 libro
1124 2115 1157 2142 (le
1176 2115 1349 2150 Correptione
1373 2118 1399 2142 et
1420 2116 1538 2148 g1²atia³:
1559 2128 1568 2139 ιι
1582 2117 1609 2142 In
1633 2116 1797 2150 Apocalypsi
1811 2116 1829 2147 ⁴,

990 2158 1089 2192 iuquit,
1109 2158 1221 2184 dicitur:
1245 2159 1312 2184 Teuc
1330 2158 1402 2194 quod
1421 2158 1514 2189 habes,
1535 2166 1568 2185 oze
1580 2158 1652 2185 alius
1666 2158 1780 2193 accipiat
1794 2167 1831 2185 co-

988 2208 1087 2226 ronam
1108 2204 1188 2227 lacoon.
1202 2201 1228 2227 Si
1244 2201 1311 2228 alius
1325 2209 1376 2228 non
1397 2205 1436 2228 est
1455 2206 1629 2236 accepturus⁷
1643 2203 1693 2228 nisi
1709 2202 1757 2229 iste
1771 2210 1831 2236 per-

154 2365 161 2379 ¹
181 2365 245 2393 Vat.7
270 2368 322 2393 post
345 2365 401 2388 velle
418 2366 489 2393 posita
510 2366 612 2393 virgula,
630 2371 671 2393 pro
689 2365 732 2388 lmc
757 2365 872 2387 substituit
888 2365 932 2393 laic.

92 2405 222 2427 auctoritate
245 2404 339 2432 quidum
365 2405 517 2432 plurimorum
544 2404 624 2431 codd,y
650 2407 672 2426 at
697 2410 831 2432 perperam,
858 2407 882 2426 ut
905 2410 932 2426 ex

92 2443 200 2466 subnexis
217 2444 276 2465 clare
294 2444 433 2471 intelligitur.
450 2443 558 2471 Librarii‚
576 2449 630 2465 mss.
657 2443 847 2470 transcribentes,
864 2444 932 2465 ctiam

92 2483 135 2504 boc
152 2483 212 2510 loco,
231 2486 255 2505 ut
271 2489 339 2510 saepe
357 2483 449 2510 saepius
466 2482 558 2509 accidit,
577 2481 613 2505 llic
630 2488 672 2509 pro
689 2481 733 2504 lloc
750 2482 843 2509 legisse,
866 2482 932 2503 valde

92 2522 215 2544 verisimile
231 2525 271 2544 cst.

154 2560 163 2573 2
180 2560 229 2582 Vat.
247 2559 298 2588 fuit.
315 2572 346 2576 —
363 2559 503 2582 Praecedens
520 2560 542 2581 ct
558 2560 671 2587 intellige:
689 2564 744 2588 erqo
762 2558 838 2581 ellam.

154 2598 164 2613 3
181 2598 236 2621 Cod.
254 2599 270 2620 Z
288 2600 323 2621 lile
340 2601 362 2620 et
380 2598 448 2626 paulo
469 2600 520 2619 autc
545 2597 723 2620 ordinationem.
747 2598 815 2619 Paulo
841 2598 934 2619 inferius

93 2643 134 2665 pro
152 2637 286 2666 ezemplam
303 2638 339 2659 ed.
359 2637 366 2658 l
388 2636 483 2659 dictum.
501 2636 604 2658 Nostram
623 2637 742 2658 lectionem
768 2642 847 2657 veram
872 2642 933 2662 esse,

93 2679 153 2704 patet
169 2683 196 2698 ex
212 2677 300 2704 integro
317 2678 377 2698 textu
396 2676 507 2704 Magistri,
524 2681 543 2697 c.
562 2676 590 2697 ⁶2:
608 2675 655 2696 Non
679 2677 751 2702 potest
767 2681 823 2702 ergo
846 2675 934 2696 noviter

92 2716 128 2737 vel
146 2722 173 2738 ex
189 2718 292 2743 tempore
310 2716 367 2737 scire
385 2715 420 2736 vcl
443 2715 557 2742 praescire
582 2714 680 2742 aliquid,
706 2713 766 2736 sicul
792 2720 835 2735 non
862 2716 935 2741 potest

93 2754 181 2776 noviter
197 2754 233 2775 vel
251 2760 277 2775 ex
294 2756 398 2781 tempore
415 2753 472 2775 vello
490 2753 576 2781 aliquid
592 2756 634 2775 etc.

154 2792 163 2806 ‘¹
180 2793 241 2814 Multi
258 2792 325 2814 codd.
343 2798 396 2814 Cum
414 2792 463 2813 Vat.
482 2794 533 2819 post
549 2797 597 2814 uon
616 2791 672 2820 quia
689 2792 785 2813 alterum
811 2791 935 2813 subiiciunt

93 2837 151 2859 iton,
172 2831 234 2859 quod
252 2831 363 2853 contextui
381 2832 495 2858 repugnat
507 2836 548 2851 ne(-
561 2836 604 2851 non
619 2830 737 2852 codicibus
748 2830 766 2851 D
776 2830 791 2851 F
801 2830 819 2851 M
830 2830 848 2851 Y
860 2833 882 2851 et
898 2829 934 2851 cd.

97 2870 113 2892 1.
125 2882 156 2886 -
167 2870 199 2891 De
211 2870 254 2891 boc
267 2869 337 2891 dubio
349 2869 399 2896 lege
416 2869 477 2890 Alex.
495 2868 558 2896 flat,
576 2869 597 2890 S.
617 2868 630 2890 l.
643 2875 665 2896 q.
684 2868 724 2895 25;
743 2869 766 2890 B.
785 2868 881 2896 Albert.y
900 2869 935 2890 liic

92 2916 112 2930 a.
129 2908 155 2936 ’ῖς
174 2909 230 2931 Petr.
249 2914 260 2929 a
280 2908 344 2936 Tar.‚
362 2909 398 2929 liic
416 2909 475 2930 circa
493 2908 522 2929 lit.

1051 2365 1060 2380 ⁵
1080 2366 1142 2388 Vcrs.
1161 2366 1185 2393 8,
1205 2366 1243 2388 ubi
1269 2366 1365 2394 Vulgata
1392 2366 1527 2395 Aequaliter
1553 2373 1594 2394 pro
1620 2366 1737 2395 Aequalis.
1763 2367 1831 2389 Paulo

989 2407 1039 2432 post
1057 2411 1099 2432 pro
1116 2405 1248 2434 aequaliter
1265 2406 1315 2427 Vat.
1333 2405 1471 2435 aequalitas.

1050 2443 1060 2457 ⁶
1077 2443 1130 2465 Sive
1147 2444 1264 2470 accipitur.
1282 2443 1326 2466 Cl'r.
1344 2450 1414 2471 supra
1433 2444 1453 2466 d.
1473 2444 1492 2465 4.
1511 2451 1532 2472 q.
1556 2445 1572 2466 l.
1596 2445 1709 2466 Scholion.
1735 2457 1766 2461 —
1782 2445 1830 2466 Mox

989 2488 1031 2509 pro
1049 2483 1127 2504 tamen.
1145 2482 1193 2504 Vat.
1211 2483 1266 2504 tam.
1283 2495 1315 2498 —
1331 2483 1379 2504 Hoc
1395 2483 1492 2505 dubium
1510 2483 1605 2505 solvitur
1630 2484 1696 2505 etiam
1714 2490 1725 2505 a
1744 2484 1801 2505 Pctr.
1820 2491 1830 2505 a

990 2521 1042 2542 Tar.
1060 2523 1082 2542 ct
1098 2527 1109 2541 a
1129 2521 1232 2543 Richard.
1251 2528 1262 2543 a
1282 2522 1351 2549 Med.⁷
1370 2522 1405 2543 liic
1423 2522 1481 2544 cirea
1500 2522 1529 2544 lit.

1157 2558 1251 2581 NOTAE.
1268 2559 1305 2582 AD
1322 2559 1398 2582 LIBR.
1418 2559 1657 2582 SENTENTIARUM.

1053 2597 1059 2611 ¹
1079 2598 1100 2619 ln
1119 2598 1185 2619 codd.
1203 2597 1272 2620 CDE
1289 2601 1311 2619 ct
1328 2598 1363 2620 cd.
1394 2599 1398 2620 1
1428 2599 1450 2620 d.
1478 2599 1523 2620 XL.
1541 2600 1619 2626 incipit
1644 2605 1696 2620 cuni
1723 2602 1831 2626 sequente

990 2637 1103 2663 capitulo:
1122 2636 1344 2658 Praedestinatorum
1363 2637 1437 2659 nullus
1454 2637 1552 2659 videtur.
1571 2637 1831 2662 litrevera,secundum

991 2674 1172 2697 distributionem
1183 2675 1333 2702 capitulorum
1344 2676 1386 2697 liae
1396 2677 1497 2704 quinque
1507 2677 1673 2703 propositiones
1682 2676 1794 2703 pertinent
1803 2675 1831 2697 ad

991 2714 1096 2736 ultimum
1114 2714 1238 2741 capitulum
1261 2714 1410 2736 distinctionis
1435 2714 1598 2741 praecedentis.
1625 2715 1646 2735 S.
1673 2714 1831 2736 Bonaventura

991 2755 1080 2779 autem,
1093 2755 1117 2774 ut
1129 2754 1189 2779 patet
1201 2758 1227 2774 cx
1240 2752 1351 2774 divisione
1364 2755 1447 2781 textus,
1460 2754 1496 2775 liic
1508 2753 1585 2780 incipit
1597 2752 1764 2774 distinctionem
1785 2752 1830 2774 XL.

1053 2790 1063 2804 ²
1079 2790 1132 2818 Cap.
1151 2791 1182 2812 10.
1196 2797 1216 2812 u.
1240 2791 1279 2817 te;
1293 2791 1332 2813 sed
1346 2792 1422 2813 ultima
1436 2792 1505 2813 verba
1519 2798 1546 2813 ex
1558 2791 1635 2813 Glossa
1649 2791 1677 2813 ad
1690 2792 1753 2812 Rom.
1765 2792 1785 2819 Β,
1796 2792 1831 2813 29.

1055 2829 1065 2844 ³
1080 2829 1135 2857 Cap.
1158 2830 1189 2852 13.
1208 2836 1228 2852 n.
1247 2831 1281 2852 39.
1302 2831 1323 2851 ln
1342 2831 1408 2852 codd.
1426 2833 1448 2852 et
1465 2831 1529 2858 edri,
1548 2833 1638 2857 excepta
1665 2831 1691 2857 9,
1709 2831 1832 2852 intitulatur

992 2867 1048 2889 liber
1065 2867 1093 2889 dc
1112 2867 1259 2890 Coi-rectione
1276 2871 1297 2890 ct
1315 2869 1393 2896 gratia.

1053 2906 1062 2920 ⁴¹
1079 2906 1134 2933 Cap.
1153 2907 1178 2933 3,
1201 2907 1232 2928 ll.
